1883 3049
703 150 849 179 11111010
877 151 1040 187 scema,
1071 152 1117 182 111
1604 141 1656 179 37

173 228 226 270 50
339 226 584 269 Concelebra
613 227 654 269 et
682 226 814 269 multo
844 228 1027 281 tempora
1056 228 1178 269 funde
1210 240 1340 270 mero:

283 291 404 333 Illius
434 304 455 333 0
483 290 614 334 11111ᾶο
643 291 802 334 stillent
831 293 1040 347 unguenta
1069 292 1230 347 capillo,

340 356 392 398 Et
422 356 554 411 capite
583 357 624 398 et
655 356 757 399 collo
786 356 931 399 mollia
951 358 1058 399 serta
1087 359 1215 413 gerat,

284 419 351 462 Sic
381 421 518 463 venias
547 421 756 464 hodierne:
787 421 866 463 tibi
896 421 988 464 dem
1018 422 1122 464 turis
1152 422 1333 473 honores,

338 485 442 527 Liba
473 486 514 528 et
542 486 750 541 Mopsopio
780 486 918 528 dulcia
948 486 1070 528 melle
1100 486 1243 528 feram.

170 550 222 591 55
280 549 337 591 At
365 550 443 592 tibi
474 551 704 593 subcrescat
733 551 877 605 proles,
909 563 1011 604 quae
1042 551 1149 593 facta
1179 550 1358 605 parentis

336 614 498 670 Augeat
528 616 567 657 et
598 615 705 657 circa
735 617 815 657 stet
844 616 1034 657 venerata
1064 627 1213 657 senem.

281 679 365 721 Nec
395 680 528 721 taceat
558 680 818 722 monumenta
849 680 951 731 Viae,
983 693 1102 734 quem
1135 680 1314 722 Tuscula
1344 679 1482 730 tellus,

167 765 301 800 Baccho
325 765 451 800 excitet
475 779 507 801 ».
535 765 654 801 Anche
680 766 792 810 Oraz.,
819 766 948 809 earm„
975 767 1002 808 Ι,
1032 767 1064 810 7,
1090 766 1157 809 22;
1191 782 1205 798 <z
1226 765 1294 801 uda
1313 766 1427 812 Lyaeo
1446 768 1600 811 tempora
1618 781 1649 800 ».

166 833 212 838 -
307 815 375 849 51.
401 806 529 848 Illius.-
555 813 623 848 0100
641 813 696 848 (101
714 813 832 848 Genio.
859 814 1096 859 Rappresenta
1121 814 1146 848 il
1165 813 1272 849 Genio
1298 814 1348 848 coi
1371 814 1505 858 capegli
1530 814 1608 848 unti
1634 825 1651 849 e

166 860 217 894 col
240 870 322 904 capo
339 862 458 894 ornato
476 860 512 895 di
529 871 657 903 corone,
683 861 718 895 in
733 863 854 906 questo
871 861 990 906 giorno
1008 860 1140 896 festivo.
1168 861 1239 895 Era
1255 872 1316 895 uso
1341 861 1402 895 che
1420 860 1527 896 anche
1546 861 1650 906 gl’in—

166 907 341 941 tervenuti
367 907 399 941 ai
417 907 595 942 banchetti
619 920 636 943 e
663 908 730 943 alle
760 909 941 943 cerimonie
957 908 1115 953 religiose
1141 908 1264 942 fossero
1282 908 1395 942 ornati
1413 908 1448 942 di
1466 919 1585 942 corone
1610 908 1651 942 ed

165 954 242 988 unti
270 953 305 988 di
334 955 505 999 unguenti
531 954 614 999 (Cfr.
634 955 745 997 Oraz„
773 956 820 999 II,
851 956 881 997 7,
903 957 940 997 73
967 955 1034 998 ΙΙΙ,
1061 956 1092 996 7,
1110 955 1172 997 223
1199 955 1288 998 Tib.,
1319 954 1366 996 ΙΙ,
1397 954 1428 996 2,
1449 955 1493 999 7).
1521 955 1650 997 Questo

164 1011 225 1035 uso
251 1002 330 1045 pote
354 1012 461 1036 essere
479 1001 633 1036 derivato
650 1002 744 1037 dalla
764 1002 901 1044 Grecia3
929 1013 946 1036 e
964 1004 1181 1047 grecamente
1210 1002 1241 1036 10
1258 1012 1377 1036 0010110
1403 1002 1568 1046 pendenti
1592 1002 1651 1036 dal

165 1047 260 1089 collo,
286 1048 314 1082 si
339 1047 564 1083 chiamavano
591 1050 842 1091 ὑποθυμιάδες.
858 1070 902 1074 -
921 1049 1034 1084 nitido
1107 1049 1253 1093 capillo:
1280 1049 1415 1083 chioma
1438 1049 1651 1093 splendente,

164 1106 184 1129 a
204 1105 306 1129 causa
335 1094 429 1140 degli
448 1095 628 1141 unguenti.
655 1095 734 1130 Cosi
753 1096 782 1138 I,
799 1095 830 1137 8,
853 1097 911 1131 16:
948 1112 962 1128 α
978 1096 1129 1131 nitidum
1149 1098 1254 1140 caput
1272 1109 1303 1131 ».
1331 1096 1362 1130 Il
1381 1095 1492 1130 nitido
1517 1098 1534 1130 0
1560 1108 1648 1140 pro-

164 1142 276 1183 lessi,
303 1142 424 1186 perche
450 1143 483 1177 la
513 1143 646 1177 chioma
671 1144 863 1187 unquentis
887 1144 983 1179 nitet.
1010 1164 1056 1168 —
1152 1146 1223 1180 52.
1249 1143 1367 1178 mollia
1391 1146 1503 1178 seria.-
1530 1143 1651 1188 perche

164 1189 196 1223 le
223 1199 342 1223 corone
367 1200 469 1224 erano
494 1189 529 1224 di
546 1189 631 1224 fiori.
662 1209 707 1214 —
804 1193 876 1227 53.
907 1190 966 1225 Sic
993 1191 1130 1225 venias.-
1157 1190 1322 1225 continua
1347 1201 1367 1224 a
1396 1190 1576 1235 rivolgersi
1606 1190 1650 1224 ad

163 1235 309 1280 osiride,
334 1247 426 1271 come
443 1237 761 1281 precedentemente
782 1237 869 1272 Huc
886 1238 979 1272 ades.
994 1238 1025 1271 Il
1044 1237 1279 1279 Wunderlich,
1298 1237 1324 1271 il
1341 1236 1476 1282 Iacoby,
1496 1237 1537 1272 ed
1554 1237 1650 1280 altri,

163 1282 306 1317 credono
331 1283 393 1318 0110
420 1295 478 1318 ora
504 1283 642 1318 Tibullo
669 1283 696 1318 si
723 1284 857 1329 rivolga
883 1285 918 1319 al
947 1284 1054 1319 Genio
1085 1286 1202 1326 stesso,
1229 1284 1474 1329 specialmente
1499 1295 1519 1318 a
1547 1296 1650 1319 causa
1701 1322 1703 1324 ,

162 1330 252 1364 delle
277 1330 458 1365 cerimonie
483 1330 668 1373 descritte,
699 1330 1011 1376 simigliantissime
1040 1343 1060 1366 a
1090 1332 1203 1376 quelle
1232 1333 1364 1376 esposte
1393 1331 1429 1365 in
1459 1331 1518 1372 ΙΙ,
1546 1333 1583 1373 2,
1609 1332 1651 1373 83

163 1377 224 1418 IV,
253 1377 283 1419 5,
318 1377 351 1411 9.
381 1377 421 1412 In
448 1378 529 1422 ogni
555 1377 653 1412 modo
680 1378 729 1412 cio
760 1378 960 1422 porterebbe
995 1379 1050 1413 nel
1083 1379 1230 1413 discorso
1266 1389 1336 1413 una
1368 1377 1563 1413 confusione
1588 1379 1649 1414 0110

161 1435 229 1458 non
255 1435 335 1469 pare
364 1425 598 1460 ammissibile.
625 1445 671 1451 ——-
692 1425 875 1460 hodierne.-
893 1442 939 1455 =
956 1426 1124 1462 hodierno
1142 1426 1208 1461 die.
1236 1426 1267 1460 Il
1286 1425 1370 1460 Voss
1396 1426 1586 1470 interprete
1604 1443 1650 1457 Ξ

161 1471 248 1506 deus
266 1471 426 1506 tutelaris
452 1472 617 1507 hodierni
639 1473 718 1507 diei.
747 1491 790 1497 -
808 1473 847 1507 In
875 1475 1008 1518 quanto
1033 1473 1087 1518 poi
1114 1473 1184 1508 alla
1210 1473 1319 1507 forma
1336 1472 1391 1506 del
1409 1473 1566 1507 vocativo
1592 1474 1649 1509 ho-

161 1519 293 1561 dierne,
331 1529 405 1553 essa
430 1520 447 1552 0
476 1520 688 1553 costruzione
714 1519 784 1553 alla
814 1531 924 1564 greca,
964 1520 1025 1554 che
1060 1520 1088 1554 si
1117 1523 1183 1565 puo
1209 1520 1381 1554 chiamare
1409 1520 1562 1555 vocativo
1595 1521 1651 1556 dez

160 1565 349 1608 predicato,
375 1566 411 1599 in
445 1565 548 1610 luogo
582 1566 637 1600 del
674 1567 898 1601 nominativo.
937 1566 1007 1601 cfr.
1035 1567 1176 1609 Sofocle,
1202 1568 1339 1608 Filott„
1376 1567 1460 1601 761:
1496 1582 1510 1598 α
1537 1568 1578 1602 ἰὼ
1604 1568 1647 1602 ἰὼ

161 1613 323 1655 δύστηνε
348 1613 406 1655 σύ,
432 1613 594 1656 δύστηνε
619 1615 714 1655 δῆτα
740 1614 796 1647 διὰ
821 1614 947 1648 πόνων
973 1614 1126 1648 πάντων
1153 1615 1290 1657 φανείς.
1329 1614 1471 1658 Vergil„
1498 1614 1573 1648 En.
1600 1613 1647 1654 ΙΙ,

160 1657 245 1691 283:
279 1671 294 1688 α
311 1657 447 1702 quibus,
474 1658 616 1701 Hector,
634 1658 677 1692 ab
695 1658 762 1692 oris
776 1662 954 1703 expectate
972 1659 1096 1693 venis‘?
1122 1660 1173 1694 Id.
1193 1661 1224 1701 9,
1243 1660 1328 1694 485:
1363 1677 1377 1692 «
1395 1661 1482 1695 heu!
1503 1660 1647 1695 canibus

160 1704 241 1739 date
259 1705 408 1739 —iaces
426 1719 458 1738 ».
486 1725 531 1729 —-
558 1706 653 1740 dem.-
679 1716 696 1739 0
723 1705 776 1739 1101
802 1717 832 1740 v.
865 1717 933 1750 seg.
963 1706 1100 1748 feram,
1127 1718 1186 1751 per
1215 1708 1397 1751 esprimere
1423 1707 1526 1742 l'idea
1556 1709 1648 1741 sotto

162 1761 232 1785 una
256 1751 470 1793 condizione,
497 1763 514 1786 e
542 1752 612 1787 0100
637 1751 696 1787 Sic
724 1754 853 1787 venias.
885 1773 929 1777 —
1026 1756 1097 1790 54.
1125 1754 1175 1788 La
1201 1754 1329 1789 lezione
1355 1754 1516 1789 adottata
1545 1756 1562 1788 0
1592 1754 1646 1788 (101

159 1797 265 1832 codici
297 1798 523 1833 Ambrosiano
552 1810 569 1834 e
595 1799 779 1840 Vaticano3
808 1800 923 1844 quella
952 1799 1007 1834 del
1034 1800 1306 1846 Guelferbytano
1332 1804 1366 1836 e:
1413 1817 1427 1833 <z
1457 1801 1578 1836 Libem
1611 1803 1647 1835 et

159 1845 335 1890 Mopsopio
362 1845 477 1880 dulcia
502 1846 607 1880 mella
631 1845 709 1881 favo
727 1860 759 1889 v,
784 1846 914 1881 lezione
939 1847 1010 1888 0110,
1037 1847 1165 1882 benche
1196 1848 1357 1883 adottata
1383 1848 1440 1883 dal
1458 1849 1644 1890 Baehrens,

158 1903 226 1926 11011
251 1892 409 1937 risponde
434 1893 468 1926 al
495 1904 590 1927 senso
608 1892 662 1928 del
680 1893 792 1938 luogo,
809 1894 950 1939 ἱ1111100110
976 1895 1000 1928 11
1019 1897 1160 1939 gustare
1178 1906 1247 1930 una
1266 1895 1414 1930 vivanda
1432 1907 1501 1930 non
1520 1898 1538 1930 0
1555 1898 1646 1930 00110

158 1939 340 1974 un'offerta
364 1951 384 1974 a
408 1939 483 1973 Dio.
502 1960 547 1965 —
572 1940 716 1974 Liba
733 1941 867 1982 feram:
894 1941 1002 1976 libum
1028 1953 1084 1976 era
1110 1953 1180 1976 una
1196 1942 1342 1977 focaccia
1372 1943 1407 1977 di
1424 1942 1525 1985 farro,
1546 1943 1646 1977 miele

158 1985 199 2020 ed
225 1986 301 2028 olio,
320 1986 381 2021 che
411 1987 439 2020 si
464 1986 581 2022 cliceva
606 1987 790 2022 inventata
815 1988 858 2022 da
877 1988 999 2023 Libero
1016 1991 1136 2032 stesso,
1161 1989 1205 2023 da
1222 1990 1276 2024 cui
1296 1990 1325 2024 si
1342 1989 1439 2025 crede
1457 1990 1518 2025 0110
1543 1989 1646 2024 abbia

159 2035 271 2068 tratto
296 2033 322 2067 il
352 2045 460 2068 nome.
487 2033 559 2069 Che
588 2034 613 2067 il
640 2035 746 2070 libum
772 2035 799 2069 si
826 2037 980 2079 portasse
1005 2047 1064 2080 per
1081 2037 1203 2071 offerta
1229 2048 1248 2070 a
1279 2038 1398 2079 Bacco,
1426 2037 1454 2071 si
1480 2037 1563 2072 vede
1589 2037 1646 2071 dal

158 2080 261 2125 luogo
285 2079 319 2114 di
350 2080 514 2125 Vergilio,
547 2081 686 2127 Georq„
719 2082 766 2124 ΙΙ,
801 2081 891 2117 393;
925 2098 939 2114 ι
970 2083 1104 2118 Baccho
1133 2083 1285 2118 dicemus
1316 2085 1476 2119 honorem
1500 2084 1504 2129 Ι
1527 2084 1645 2119 carmi-

158 2127 260 2162 nibus
285 2127 419 2172 patriis,
446 2128 625 2173 lancesque
651 2131 686 2163 et
719 2129 789 2163 liba
822 2129 968 2164 feremus
988 2144 1019 2164 ».
1051 2150 1096 2155 —
1125 2132 1305 2175 mopsopio
1404 2132 1519 2166 melle.-
1546 2131 1646 2165 miele

157 2173 373 2217 dell'Attica,
400 2174 434 2208 la
459 2175 559 2220 quale
585 2175 611 2209 si
642 2175 760 2211 dieeva
792 2177 972 2221 mopsopia
991 2177 1101 2219 tellus,
1132 2178 1331 2212 dall'antico
1357 2189 1392 2212 re
1409 2179 1582 2224 MopsopO.
1613 2178 1645 2212 11

158 2221 258 2256 miele
275 2220 440 2255 d'Imetto
466 2233 523 2256 era
549 2222 703 2257 1110111110
727 2234 820 2258 001110
838 2224 862 2257 11
880 2224 1049 2268 migliore.
1065 2245 1110 2249 —
1207 2228 1278 2266 55,
1296 2226 1350 2260 At
1365 2226 1447 2261 tibi.-
1468 2226 1495 2259 si
1514 2225 1645 2269 rivolgc

157 2279 177 2302 a
194 2268 352 2302 Messala.
378 2288 424 2293 —
520 2271 592 2306 56.
619 2269 781 2314 Auyeat:
800 2271 868 2305 0100
892 2285 906 2302 <z
925 2271 1004 2305 aliis
1017 2272 1216 2315 praeclaris
1232 2273 1337 2314 factis
1355 2288 1385 2307 ›>.
1401 2293 1447 2297 —
1459 2275 1644 2307 venerata.-

157 2316 280 2360 questa
306 2314 434 2349 lezione
458 2315 493 2350 di
523 2316 668 2360 qualche
693 2317 804 2352 codice
830 2318 1051 2362 interpolato,
1078 2321 1252 2354 aocettata
1278 2319 1335 2354 dal
1353 2320 1539 2361 Baehrens,
1565 2330 1646 2364 pare

157 2362 265 2396 molto
283 2361 441 2406 migliore
466 2362 558 2397 della
585 2363 713 2398 lezione
730 2364 764 2398 di
782 2365 872 2399 tutti
897 2365 907 2398 i
928 2364 1034 2400 codici
1051 2367 1263 2408 veneranda,
1291 2366 1351 2401 che
1369 2369 1493 2401 stuona
1512 2366 1645 2401 riferito

157 2419 178 2443 a
196 2408 326 2453 proles,
352 2408 505 2453 giacche,
531 2410 604 2444 dice
630 2409 667 2444 L.
686 2411 823 2453 Mffller,
854 2412 889 2446 in
907 2423 932 2446 s,
960 2412 1009 2446 ed.
1031 2424 1061 2456 p.
1081 2413 1163 2454 XX,
1193 2428 1206 2444 (ι
1224 2416 1265 2447 ut
1290 2414 1359 2448 alia
1376 2414 1529 2455 mittam,
1556 2414 1645 2448 Mes-

158 2456 250 2490 salae
265 2455 385 2490 honori
410 2455 473 2490 hoc
490 2456 688 2491 dedicatum
708 2469 854 2500 carmen,
881 2470 948 2493 non
974 2459 1124 2494 filiorum
1149 2460 1231 2502 eius,
1259 2461 1318 2505 qui
1336 2462 1412 2495 tum
1432 2471 1507 2496 cum
1524 2461 1644 2495 scribe-

156 2502 262 2537 batur
286 2504 386 2537 erant
403 2503 499 2547 pueri
518 2518 549 2538 ».
576 2504 703 2538 Muller
728 2507 805 2549 pero
831 2517 991 2551 corregge
1008 2507 1214 2542 venerande.
1241 2508 1364 2553 Heyne
1389 2507 1526 2543 difende
1550 2519 1643 2543 vene-

157 2550 292 2591 randa,
323 2550 462 2585 citando
495 2550 610 2596 Verg.,
645 2551 731 2593 En„
769 2552 838 2596 IX,
873 2553 958 2595 276,
985 2554 1046 2589 che
1079 2554 1214 2590 chiama
1239 2555 1383 2589 Eurialo
1408 2555 1645 2590 venerandum

156 2606 317 2640 puerum.
344 2617 390 2622 —
486 2598 555 2635 57.
582 2599 659 2633 Nec
678 2602 814 2634 taceat.-
839 2601 1000 2645 soggetto
1026 2601 1060 2635 di
1088 2605 1201 2637 taceat
1224 2603 1241 2635 0
1267 2602 1347 2637 l'ille
1374 2602 1558 2637 sottinteso
1592 2602 1644 2636 in-

159 2644 262 2678 nanzi
287 2654 307 2678 a
330 2655 441 2689 quem.
470 2665 514 2670 —-
540 2649 767 2681 monumenta
791 2647 885 2681 viae.-
911 2647 939 2681 si
965 2650 1030 2692 puo
1056 2648 1195 2683 rendere
1221 2660 1279 2695 per
1301 2650 1358 2685 via
1375 2650 1641 2686 monumemale.
