1883 3049
671 143 815 172 ELEGOE
845 143 1006 180 scnmn,
1039 144 1082 172 1v
1579 130 1630 170 45

311 218 459 262 Vincta
489 231 641 275 geram,
671 220 805 274 myrto
835 219 995 261 vinctus
1025 220 1065 261 e‘c
1095 219 1180 273 ipse
1211 219 1344 272 caput.

256 283 322 326 Sic
351 285 535 340 placeam
565 285 699 327 vobis:
733 284 838 326 alius
869 284 924 325 sit
954 283 1069 326 fortis
1099 283 1142 325 in
1173 283 1310 334 armis,

143 351 198 392 30
312 348 474 392 Sternat]
504 350 544 391 et
574 349 759 392 adversos
790 349 922 391 Marbe
953 348 1111 391 favente
1141 349 1276 399 duces,

254 414 313 456 Ut
342 413 446 455 mihi
477 413 635 468 potanti
665 414 793 468 possit
823 427 896 456 sua
926 414 1058 456 dicere
1089 413 1197 456 facta

312 478 434 521 Miles
465 480 505 521 et
534 479 577 520 in
606 491 746 521 mensa
776 479 943 534 pingere
974 479 1106 520 castra
1136 490 1258 519 mero.

257 542 357 594 Quis
388 543 499 585 furor
529 544 590 585 est
620 544 751 585 abram
781 543 888 586 bello
919 555 1116 585 arcessere
1146 543 1348 584 mortem?

312 607 507 650 Imminet
537 610 577 650 ef,
607 608 731 650 tacito
760 608 867 649 clam
897 607 1009 649 venit
1039 607 1114 649 illa
1143 607 1256 662 pede.

142 672 195 713 35
255 672 344 714 Non
375 685 486 727 seges
517 673 578 714 est
607 672 726 723 infra,
759 684 836 714 non
867 672 984 714 vinea
1015 672 1139 721 culta,
1172 671 1240 714 sed
1271 672 1383 713 atrox

310 736 507 780 Cerberus
537 738 578 779 et
609 736 775 792 Stygiae
806 737 944 779 navita
974 737 1106 791 ssurpis
1137 749 1288 791 aquae3

149 915 282 949 «pura,
309 904 418 939 colore
443 904 521 939 albo
547 915 607 939 nec
632 915 804 949 purpurae
838 904 973 939 variata
999 903 1145 948 picturis
1175 917 1205 937 ».
1235 922 1279 927 -—
1304 906 1466 947 myrto...
1486 903 1628 938 vineta.-

141 968 190 981 =
213 952 388 987 redimita.
415 952 446 986 Il
472 952 576 986 lnirto
601 963 658 986 era.
683 963 777 986 sacro
803 952 835 986 ai
862 952 943 986 Lari
980 951 1053 995 (cfr.
1082 950 1192 991 OraZ.‚
1220 949 1286 990 III,
1319 950 1375 990 23,
1405 950 1472 994 16).
1499 970 1545 974 —
1576 961 1629 984 ca-

141 1000 283 1034 nistra.-
308 999 365 1033 nei
390 999 540 1033 canestri
565 1010 665 1033 erano
691 999 831 1043 deposte
856 999 890 1033 la
916 998 1071 1038 focaceia,
1098 998 1130 1032 le
1147 996 1341 1042 ghirlande,
1369 997 1531 1031 l'incenso
1545 997 1586 1031 ed
1604 997 1630 1030 il

140 1045 278 1080 coltello
303 1057 362 1090 per
389 1046 539 1081 uccidere
565 1047 598 1080 la
625 1046 776 1080 vittima.
793 1066 838 1070 —
934 1048 1004 1082 28.
1031 1045 1170 1080 vinctus
1196 1048 1227 1079 et
1252 1044 1324 1088 ipse
1349 1048 1475 1089 caput:
1503 1047 1538 1078 et
1556 1045 1630 1088 ipse

141 1109 186 1122 =
202 1093 377 1138 anch'eqh'
400 1093 513 1137 oegrli
535 1097 651 1128 stesso.
679 1114 724 1117 —
749 1096 874 1137 caput:
902 1093 1097 1127 accusativo
1122 1091 1349 1136 (lell'oggetto
1375 1092 1425 1125 coi
1452 1091 1628 1136 participii

142 1139 286 1184 passivi;
325 1141 536 1174 costruzione
574 1140 665 1174 della
703 1140 805 1185 quale
842 1139 1000 1174 abbiamo
1037 1139 1174 1185 parlato
1215 1138 1544 1183 precedentemente.
1583 1158 1629 1163 --

142 1189 212 1223 29.
238 1186 322 1222 Sic.-
355 1202 369 1218 a
387 1189 457 1222 cosi
483 1187 622 1221 facendo
641 1202 672 1221 >›.
700 1208 745 1212 --
770 1187 883 1230 vobis5
909 1186 1040 1221 riferito
1062 1185 1319 1221 naturalmente
1344 1186 1376 1220 ai
1395 1186 1496 1226 Lari;
1523 1197 1628 1230 grave

141 1233 310 1268 difficolt&
334 1245 394 1278 per
420 1234 475 1269 chi
499 1235 580 1269 vuol
605 1234 817 1269 considerare
839 1245 969 1278 porcus
997 1245 1089 1268 come
1116 1233 1283 1268 vocativo.
1309 1253 1354 1257 —
1450 1235 1524 1270 30.
1539 1233 1629 1267 Ster-

141 1283 226 1315 nat.-
260 1295 273 1311 «
292 1280 438 1315 abbatta
457 1296 488 1315 ».
515 1301 560 1306 -
585 1282 710 1316 Marte
733 1281 896 1324 favente:
923 1280 1058 1326 Ovidio,
1084 1281 1184 1321 Her„
1210 1280 1277 1323 III,
1302 1280 1368 1314 88:
1405 1295 1417 1310 <s
1440 1280 1489 1314 Et
1514 1291 1629 1324 preme

142 1327 302 1362 turbatos
339 1328 453 1362 Marte
478 1328 614 1363 favente
641 1329 730 1362 viros
760 1343 791 1362 2.
819 1349 864 1353 -
960 1330 1029 1365 31.
1056 1328 1198 1372 possit.-
1237 1327 1371 1361 sembra
1396 1327 1628 1371 fraseologico.

142 1375 262 1419 Heyne
288 1386 464 1419 paragona
488 1375 663 1410 l'identico
689 1387 749 1409 uso
774 1375 835 1410 che
861 1386 902 1410 ne
926 1374 959 1409 fa
987 1374 1119 1416 Orazi0,
1140 1374 1271 1417 Carm.,
1296 1385 1384 1408 saec.
1404 1375 1461 1408 ll:
1488 1389 1501 1405 «
1521 1375 1629 1418 possis

141 1421 233 1455 nihil
259 1421 341 1456 urbe
366 1422 475 1456 Roma
500 1422 608 1457 visere
633 1423 745 1457 maius
762 1436 794 1456 υ.
819 1443 866 1448 -
961 1424 1032 1459 32.
1060 1422 1188 1465 Questo
1214 1423 1364 1456 costume
1390 1421 1424 1455 di
1451 1421 1594 1455 scrivere
1611 1433 1629 1454 o

141 1469 322 1514 (lisegnare
348 1469 399 1503 col
426 1469 503 1503 vino
530 1469 620 1504 sulla
637 1481 764 1510 mensa,
793 1469 888 1505 viene
905 1469 1057 1504 indicato
1074 1480 1187 1513 spesso
1205 1468 1247 1503 cla
1262 1468 1395 1503 Ovidio.
1424 1467 1494 1502 Cfr.
1515 1468 1627 1508 Ovid.,

143 1515 244 1557 Her„
271 1516 366 1559 XVI,
391 1516 435 1550 87
454 1527 502 1550 s.:
539 1532 552 1547 α
570 1516 648 1551 orbe
665 1528 800 1561 quoque
825 1517 861 1550 in
888 1527 1022 1551 mensae
1048 1516 1117 1560 legi
1135 1515 1198 1550 sub
1215 1516 1353 1550 nomine
1371 1517 1487 1549 nostro
1509 1516 1514 1561 ἶ
1537 1515 1627 1560 quod

142 1562 291 1597 deducta
316 1574 408 1597 mero
434 1563 554 1598 littera
580 1564 673 1607 fecit,
699 1575 821 1599 amo».
849 1563 926 1599 Cosi
953 1563 988 1597 in
1014 1563 1106 1603 Am„
1123 1563 1169 1604 11,
1196 1563 1308 1604 5,17:
1335 1578 1349 1593 <z
1368 1562 1629 1607 conscriptaque

142 1610 222 1644 vino
247 1620 364 1644 mensa
381 1624 416 1652 >›,
446 1621 463 1644 e
488 1611 525 1644 in
550 1610 651 1653 Her,
678 1610 707 1654 Ι,
734 1611 800 1645 32:
835 1626 847 1642 α
867 1611 983 1655 pingit
1009 1613 1043 1644 et
1069 1611 1190 1655 exiguo
1208 1610 1380 1654 Pergama
1396 1611 1471 1644 tota
1489 1621 1579 1644 mero
1595 1623 1625 1644 ·>,

142 1677 186 1682 —
282 1659 354 1694 33.
392 1657 522 1698 furor:
549 1673 596 1687 =
620 1658 775 1692 insania.
814 1677 859 1682 -—
893 1657 980 1702 Quis
1011 1657 1140 1699 furor,
1173 1657 1316 1691 formola
1341 1657 1444 1691 solita
1470 1668 1584 1701 presso
1616 1657 1628 1690 i

142 1703 245 1748 poeti,
272 1703 469 1748 parlandosi
494 1704 529 1739 di
555 1716 627 1739 cose
653 1705 757 1739 stol‘ce
782 1705 832 1749 (in
857 1704 950 1738 ital.:
985 1719 998 1735 e
1021 1705 1129 1746 Quale
1147 1704 1332 1739 stoltezza!
1356 1706 1411 1749 »);
1438 1704 1496 1739 cfr.
1516 1703 1628 1745 Ovid.,

144 1751 246 1793 Met„
275 1751 334 1793 VI,
355 1751 444 1792 1703
469 1752 563 1793 Am„
590 1751 651 1794 ΙΙΙ,
672 1752 726 1793 14,
745 1752 786 1791 73
810 1752 893 1786 Art.
912 1762 990 1792 am„
1018 1752 1084 1793 ΙΙΙ,
1114 1752 1190 1786 172.
1209 1772 1255 1776 -—
1273 1762 1447 1786 arcessere
1473 1755 1628 1786 mortem:

140 1808 221 1832 sono
250 1797 333 1832 frasi
371 1799 506 1832 comuni
543 1809 716 1833 arcessere
741 1810 870 1841 manes,
907 1809 1081 1833 arcessere
1105 1798 1233 1842 fatum,
1270 1809 1444 1834 arcessere
1469 1802 1623 1833 mortem.

140 1845 267 1880 Alcuni
290 1845 346 1889 poi
372 1845 543 1890 prendono
568 1846 627 1890 qui
653 1846 687 1879 la
713 1847 821 1880 morte
847 1857 939 1880 come
965 1846 1214 1890 personificata,
1242 1846 1311 1880 cioe
1329 1857 1421 1880 come
1448 1845 1481 1880 la
1500 1845 1562 1880 dea
1577 1856 1627 1880 ar-

143 1893 240 1926 mata
265 1892 301 1926 di
326 1891 422 1935 falce,
449 1893 546 1937 figlia
571 1893 663 1927 della
679 1892 788 1927 Nocte
806 1903 823 1927 e
840 1892 1045 1927 dell'Erebo.
1074 1914 1118 1918 —
1215 1895 1286 1930 34.
1314 1893 1491 1927 imminet:
1519 1893 1627 1927 stain

142 1939 356 1984 opposizione
381 1951 442 1974 con
468 1950 651 1974 arcessere.
691 1961 736 1965 —
770 1940 875 1975 tacito
901 1941 988 1974 clam
1077 1940 1187 1985 pede:
1237 1955 1251 1971 «ι
1285 1951 1335 1975 cu
1352 1952 1384 1974 m
1400 1940 1568 1974 ulatio
1595 1955 1627 1973 ».

143 1985 241 2021 Altri
266 1987 427 2031 esempii:
462 2002 475 2018 α
502 1986 621 2021 furtim
649 1987 803 2021 occultus
833 2002 846 2017 »
892 1987 953 2032 (ΙΙ,
981 1988 1012 2029 6,
1042 1988 1105 2029 45;
1131 1987 1159 2030 Ι,
1186 1988 1217 2028 5,
1250 1988 1324 2032 65),
1352 1987 1476 2022 leniter
1502 1988 1629 2022 tacitus

141 2033 185 2077 (Ι,
213 2034 244 2074 7,
274 2034 342 2078 13).
368 2055 413 2058 -
510 2036 583 2071 35.
609 2045 724 2079 seqes:
750 2036 767 2068 e
793 2034 992 2078 qualunque
1019 2037 1111 2069 terra
1136 2046 1154 2068 0
1171 2045 1290 2079 campo
1316 2034 1359 2069 da
1385 2034 1563 2069 seminare.
1583 2055 1628 2060 ——

141 2079 258 2122 infra:
286 2081 423 2125 laggiu,
449 2081 504 2115 nel
532 2081 654 2115 mondo
680 2081 858 2116 infernale.
877 2102 921 2106 —
941 2081 977 2115 Si
1004 2082 1078 2116 noti
1096 2081 1156 2116 che
1182 2093 1249 2115 non
1268 2082 1320 2115 c'e
1345 2081 1629 2126 corrispondenza

142 2129 199 2161 tra
224 2127 236 2161 i
261 2128 373 2172 campi
409 2139 426 2162 e
452 2127 623 2172 ivigneti
660 2128 704 2163 (la
738 2139 805 2162 una
839 2131 938 2173 parte
974 2140 991 2163 e
1017 2128 1161 2163 Cerbero
1198 2140 1215 2162 e
1241 2128 1390 2163 Caronte
1428 2128 1628 2169 dall'altra3

144 2173 274 2208 benche
311 2175 337 2208 il
376 2174 501 2219 Iacoby
534 2186 652 2220 scorga
678 2178 800 2220 questa
838 2175 1128 2220 corrispondenza,
1166 2176 1227 2210 che
1259 2176 1292 2210 ai
1326 2176 1434 2210 fertili
1470 2176 1582 2220 campi
1611 2186 1629 2209 e

143 2221 176 2254 ai
203 2220 336 2266 vigne-ti
362 2221 391 2255 si
415 2232 615 2266 oppongono
653 2223 702 2267 gli
728 2223 839 2256 sterili
865 2224 975 2267 campi
1000 2223 1172 2262 infernali,
1207 2223 1238 2257 ai
1265 2223 1360 2267 quali
1386 2222 1501 2257 subito
1527 2224 1554 2256 si
1587 2223 1628 2256 ri-

143 2279 235 2302 corre
260 2268 311 2302 col
338 2269 490 2313 pensiero
527 2279 586 2313 per
623 2269 657 2303 la
682 2270 867 2315 menzionex
883 2270 917 2304 di
944 2269 1088 2306 Cerbero
1113 2281 1130 2304 e
1156 2269 1317 2304 Caronte.
1342 2291 1386 2295 —
1412 2270 1556 2305 audax.-
1581 2286 1628 2299 ==

135 2318 335 2359 protervus,
360 2315 466 2358 ferox
491 2316 636 2360 (Heme,
661 2316 809 2362 Dissen).
849 2317 879 2351 E
912 2317 1117 2361 innegabile,
1144 2317 1205 2351 che
1230 2317 1385 2361 l'epiteto
1411 2329 1478 2351 non
1503 2317 1554 2351 sia
1579 2328 1627 2350 co-

143 2373 246 2396 mune
282 2362 317 2396 in
345 2362 396 2396 tal
421 2373 528 2403 senso,
567 2374 584 2397 e
622 2364 682 2397 che
719 2364 753 2398 la
786 2364 904 2409 parola
928 2365 1054 2399 sembri
1079 2366 1248 2409 sospetta3
1286 2364 1461 2398 Baehrens
1487 2364 1627 2398 sostitui

142 2413 257 2444 atroae.
284 2429 329 2434 ——
425 2412 497 2446 36.
527 2409 716 2445 Cerberus:
743 2422 824 2445 cane
849 2411 998 2445 favoloso
1024 2423 1043 2446 a
1068 2413 1121 2446 tre
1147 2414 1247 2454 teste,
1273 2411 1368 2455 figlio
1394 2411 1429 2445 di
1459 2411 1627 2456 Typhaon

142 2467 160 2490 e
185 2456 221 2490 di
246 2456 397 2491 Schldna
422 2456 576 2501 (Esiod.,
619 2458 749 2502 Teoy.,
787 2458 881 2502 311),
907 2469 1015 2493 messo
1040 2470 1060 2493 a
1084 2459 1231 2503 guardia
1256 2458 1496 2501 dell’lnferno,
1529 2458 1626 2492 detto

142 2503 254 2548 percio
279 2503 322 2538 da
348 2504 464 2547 Verg.‚
490 2504 574 2545 En„
602 2504 700 2547 VIII,
727 2504 812 2539 296:
838 2506 972 2540 ianitor
1001 2506 1077 2541 orci
1111 2505 1202 2551 (Tib.
1233 2505 1262 2549 Ι,
1287 2505 1354 2547 III,
1416 2518 1424 2539 :
1458 2520 1472 2536 ι
1490 2506 1626 2540 aeratas

144 2549 290 2586 excubat
314 2553 395 2585 ante
420 2551 505 2585 fores
535 2566 549 2581 »
565 2552 590 2596 ).
616 2571 662 2576 -
686 2552 826 2587 navita.-
853 2552 1002 2588 Caronte
1028 2553 1213 2598 (Charon),
1241 2553 1412 2597 anch'egli
1438 2553 1532 2596 figlio
1558 2552 1625 2586 del-

142 2596 281 2631 l'Erebo
305 2609 323 2632 e
348 2597 439 2632 della
464 2598 582 2641 No‘cte,
609 2610 666 2633 era
691 2599 717 2632 il
742 2599 918 2634 nocchiero
951 2599 1042 2634 della
1072 2600 1177 2644 stigia
1207 2611 1315 2645 acqua
1327 2626 1337 2643 ‚
1363 2600 1484 2644 perche
1510 2611 1569 2644 per
1594 2599 1626 2632 10

145 2644 244 2689 Stige
267 2656 285 2679 e
310 2656 368 2690 per
394 2645 612 2681 l'Acheronte
639 2645 865 2691 traghettava
891 2647 921 2682 le
947 2648 1061 2681 anime
1086 2647 1140 2681 dei
1165 2648 1269 2681 morti
1307 2648 1342 2691 (α
1360 2646 1538 2681 hominum
1565 2646 1624 2691 qni
