1883 3049
272 157 323 195 48
855 167 970 194 ALBIO
999 166 1170 194 TIBULLO

274 243 327 284 50
441 241 590 283 Militis
620 241 662 282 in
692 241 869 283 tenebris
899 243 1068 295 occupat
1098 253 1211 282 arma
1241 241 1367 290 situs3

385 306 579 347 Rusticus
610 318 630 347 e
660 305 834 358 lucoque
865 305 989 357 vehit,
1021 305 1127 347 male
1158 305 1315 347 sobrius
1345 306 1443 359 ipse,

442 370 614 412 Uxorem
645 369 827 423 plaustro
858 370 1171 425 progeniemque
1202 370 1379 412 domum.

386 434 463 477 Sed
493 434 661 477 Veneris
692 435 789 476 tunc
820 435 928 476 bella
958 434 1105 484 calent,
1137 434 1358 488 scissosque
1390 434 1558 489 capillos

440 499 610 541 Femina
640 499 861 553 perfractas
891 500 1231 553 conqueriturque
1262 499 1383 549 fores;

274 566 326 606 55
385 564 478 606 Flet
508 566 665 606 teneras
696 565 865 606 subtusa
895 576 1030 620 genas,
1062 564 1130 606 sed
1162 564 1289 607 victor
1319 565 1359 607 et
1388 564 1473 618 ipse

442 629 534 671 Flet
564 629 642 671 sibi
673 629 878 672 dementes
909 630 994 671 tam
1025 629 1200 671 valuisse
1232 641 1388 671 manus.

274 786 407 828 torpore
433 783 521 818 delle
546 783 633 818 armi
659 783 713 818 del
740 783 882 817 soldato.
923 804 968 808 —-
1065 786 1137 820 50.
1179 784 1287 819 situs:
1326 783 1359 817 la
1391 782 1556 828 pigrizia‚
1594 782 1755 817 l’inerzia

273 832 380 875 (come
404 830 441 864 in
467 831 583 875 Verg,
606 830 690 871 Eia,
718 831 796 871 VII,
823 830 913 865 440:
949 845 961 860 α
978 829 1070 865 victa
1095 831 1166 864 situ
1185 832 1339 865 senectus
1358 844 1371 860 »
1404 832 1421 864 e
1447 830 1515 875 qui,
1543 829 1754 865 trattandosi

274 878 308 911 di
327 878 423 919 armi,
450 877 484 911 la
509 877 666 921 ruggine,
693 877 826 921 robifso,
844 888 936 911 come
951 877 986 911 in
1005 876 1117 920 Ovid„
1135 877 1248 919 Fasi„
1268 877 1326 920 IV,
1345 876 1427 911 928:
1455 877 1642 921 «inquinet
1659 888 1755 911 arma

273 925 362 958 situs
381 939 410 958 ›>.
439 944 482 949 -—
580 927 648 961 51.
676 924 777 958 Della
803 926 967 969 supposta
987 924 1109 958 lacuna.
1134 924 1244 968 prima
1269 924 1304 957 di
1330 925 1450 968 questo
1477 935 1571 958 verso
1596 923 1755 958 abbiamo

274 972 409 1016 parlato
434 971 766 1006 nell'introduzione.
794 991 838 996 ——
864 982 881 1005 e
908 972 1001 1005 luco.-
1028 971 1085 1004 dal
1111 982 1203 1005 sacro
1230 970 1418 1012 boschett0‚
1445 971 1506 1005 che
1539 971 1697 1005 circonda
1730 971 1756 1004 il

275 1019 422 1063 tempio;
448 1019 484 1052 in
513 1020 634 1063 questo
660 1017 839 1052 boschetto
865 1018 889 1052 il
915 1017 1108 1060 contadino,
1136 1017 1394 1053 banchettando
1418 1029 1479 1053 con
1506 1018 1538 1052 la
1564 1018 1690 1062 moglie
1715 1017 1756 1052 ed

275 1066 287 1099 i
311 1065 395 1109 figli,
424 1065 468 1099 ha
494 1064 663 1100 celebrato
690 1065 724 1099 la
748 1076 809 1099 sua
836 1065 924 1099 festa
942 1068 1146 1109 campestre;
1173 1065 1213 1099 ed
1240 1076 1307 1106 ora,
1335 1065 1433 1109 quasi
1459 1064 1561 1099 ebbro
1588 1065 1692 1110 (male
1708 1075 1757 1100 so-

275 1113 398 1157 brius),
425 1112 604 1147 riconduce
629 1123 649 1146 a
667 1123 744 1146 casa
769 1112 838 1156 egli
864 1113 970 1147 stesso
997 1112 1098 1157 (ip-se)
1125 1112 1158 1146 la
1184 1123 1245 1146 sua
1263 1112 1420 1156 famiglia
1446 1123 1485 1146 su
1511 1111 1547 1146 di
1577 1123 1621 1146 un
1651 1123 1754 1147 carre.

273 1159 345 1194 Che
371 1159 460 1193 nelle
485 1170 576 1193 sacre
603 1159 759 1193 festivita
797 1159 882 1193 fosse
921 1159 1021 1194 lecito
1052 1170 1161 1194 essere
1195 1160 1282 1194 male
1313 1159 1431 1201 sobrii,
1459 1160 1590 1193 attesta
1619 1158 1757 1193 Tibullo

275 1207 392 1248 stesso,
420 1206 465 1247 ΙΙ,
496 1207 524 1247 1,
553 1207 612 1240 29:
647 1221 660 1237 e
679 1218 745 1240 non
772 1205 860 1240 festa
886 1206 959 1240 luce
986 1206 1147 1251 maderel
1179 1206 1246 1241 Est
1270 1206 1385 1250 rubor,
1418 1208 1572 1240 errantes
1601 1207 1636 1240 et
1669 1206 1758 1240 male

274 1253 360 1287 ferre
387 1253 487 1297 pedes
507 1267 537 1286 n.
565 1273 610 1278 —
636 1254 726 1287 male
750 1254 908 1288 sobrius:
934 1253 959 1287 il
985 1254 1073 1288 male
1106 1255 1123 1288 ὸ
1148 1264 1261 1298 spesso
1286 1265 1400 1298 presso
1425 1253 1437 1287 i
1462 1253 1554 1297 poeti
1579 1253 1758 1297 perticella
1815 1269 1817 1272 ·

275 1301 456 1344 negativa3
483 1299 541 1333 cfr.
569 1300 678 1343 Oraz.,
709 1300 838 1344 C'arm.5
864 1301 891 1341 Ι,
908 1300 939 1342 9,
960 1301 1025 1334 24:
1059 1316 1072 1331 «
1092 1303 1154 1335 aut
1179 1300 1292 1345 digito
1318 1301 1406 1335 male
1425 1300 1592 1344 pertinaci
1615 1314 1647 1341 ι,
1674 1300 1757 1343 Ep„

275 1347 301 1387 Ι,
333 1347 385 1390 19,
413 1348 454 1381 3:
490 1347 611 1381 «male
638 1359 736 1382 sanos
767 1350 884 1392 poetas
903 1361 916 1377 s>
940 1363 986 1376 =
1012 1363 1025 1378 ει
1044 1359 1184 1382 vesanos
1211 1349 1326 1392 poetas
1344 1362 1357 1378 »
1381 1375 1388 1388 ,
1419 1347 1530 1388 Ονίἀ.,
1558 1347 1671 1388 Fast„
1699 1347 1758 1388 VI,

277 1394 360 1427 785:
395 1409 409 1424 «
427 1405 500 1428 ecce
526 1394 723 1428 suburbana
750 1394 881 1428 rediens
907 1395 996 1429 male
1029 1395 1160 1429 sobrius
1198 1394 1279 1429 aede
1303 1409 1316 1425 »
1351 1394 1434 1440 (Cfr.
1462 1393 1595 1439 Iacoby,
1623 1405 1642 1428 a
1660 1405 1692 1438 q.
1710 1394 1757 1439 l.).

278 1440 347 1475 Cfr.
375 1441 410 1475 in
436 1441 596 1475 italiano:
635 1441 839 1483 waiferum,
866 1441 1047 1483 malsauo,
1079 1453 1143 1477 ecc.
1171 1462 1216 1466 —
1240 1442 1331 1486 ipse.-
1358 1442 1402 1476 da
1426 1441 1666 1486 congiungersi
1698 1452 1759 1476 con

276 1487 378 1530 vehit,
406 1499 498 1522 come
523 1488 559 1522 in
585 1488 613 1531 I,
640 1489 671 1531 5,
699 1489 758 1523 66:
793 1504 806 1519 <z
826 1488 980 1523 detrahit
1006 1489 1076 1533 ipse
1107 1504 1138 1531 >›‚
1157 1500 1174 1523 e
1199 1489 1235 1523 in
1261 1489 1288 1533 Ι,
1314 1490 1346 1532 5,
1373 1489 1433 1523 134:
1468 1504 1481 1520 ‹<
1500 1489 1574 1533 ipsa
1599 1489 1700 1533 gerat
1724 1503 1756 1523 ».

279 1555 324 1560 -
420 1538 492 1572 52.
524 1535 716 1579 plaustro:
755 1535 836 1570 Aus.
870 1536 1010 1580 Popma,
1052 1536 1109 1569 De
1142 1536 1215 1579 diff.
1250 1537 1365 1577 verb,
1408 1535 1478 1570 alla
1503 1547 1581 1570 voce
1605 1546 1759 1570 currus:

282 1598 295 1613 «
317 1582 466 1624 Currus,
493 1593 559 1627 quo
586 1582 726 1617 honeste
744 1583 918 1623 vehimur3
941 1584 1144 1627 plaustrum
1168 1583 1337 1628 agricolae
1362 1584 1398 1617 et
1416 1584 1618 1617 mercatores
1640 1583 1675 1616 in
1695 1582 1760 1616 fru-

277 1629 415 1672 mentis,
441 1630 559 1674 lignis,
585 1629 752 1664 mercibus
772 1630 994 1674 deportandis
1021 1633 1190 1674 usurpant
1200 1644 1208 1671 ;
1248 1630 1360 1665 rheda
1385 1630 1456 1664 sive
1481 1633 1689 1674 carpentum
1713 1640 1762 1664 ce·

275 1676 415 1710 leritate
441 1678 476 1710 et
501 1676 664 1721 agilitate
690 1688 724 1711 se
749 1677 981 1717 commendat;
1004 1679 1206 1721 petoritum,
1227 1688 1301 1722 pen.
1322 1679 1486 1722 correpta,
1514 1688 1571 1712 seu
1586 1677 1760 1721 pilentum

278 1734 336 1757 seu
362 1734 525 1764 carruccss
552 1734 638 1768 quae
656 1723 764 1764 Livio,
784 1723 816 1766 Ι,
836 1724 891 1766 21,
911 1735 1027 1758 currus
1045 1726 1206 1759 arcuatus
1225 1724 1369 1766 (licitur3
1396 1724 1551 1759 essedum
1568 1724 1603 1758 in
1622 1724 1758 1768 proeli03

278 1781 404 1805 carrus
429 1771 482 1804 vel
508 1781 652 1805 carrum
678 1771 713 1804 in
740 1771 934 1805 muniendis
961 1771 1094 1816 oppidis
1121 1773 1182 1806 aut
1208 1772 1339 1813 castris,
1361 1773 1423 1805 aut
1448 1771 1635 1806 inserviens
1658 1770 1760 1816 impe-

280 1817 445 1851 dimentis
470 1817 676 1852 devehendis
706 1832 736 1851 v.
775 1838 821 1842 —-
918 1821 989 1855 53.
1024 1819 1169 1853 Veneris
1194 1818 1282 1853 bella
1310 1820 1439 1853 caleni.-
1470 1834 1516 1848 =
1540 1822 1680 1853 strenue
1705 1829 1760 1863 {Je-

279 1867 423 1899 ruuiur.
450 1864 534 1898 Tale
559 1866 575 1898 e
602 1876 684 1909 pure
710 1876 822 1909 spesso
848 1864 873 1898 il
895 1865 1090 1909 significato
1116 1865 1169 1900 del
1195 1865 1296 1900 verbo
1321 1865 1453 1907 fervere
1479 1865 1608 1910 (Verg.,
1628 1865 1715 1906 Eu„
1733 1864 1759 1907 Ι,

279 1911 365 1946 436:
398 1927 411 1942 <z
430 1910 538 1946 fervet
563 1923 647 1956 opus
666 1913 713 1956 »).
741 1911 893 1956 Opposto
919 1913 962 1946 ad
988 1914 1052 1947 essi
1078 1914 1095 1946 e
1120 1913 1245 1957 riyere,
1271 1912 1332 1947 che
1350 1923 1441 1947 come
1471 1912 1497 1946 il
1520 1923 1619 1957 greco
1650 1914 1760 1955 ῥιγεῖν

279 1959 436 2003 significa
461 1970 589 2003 spesso:
625 1959 822 2002 «ignavum
841 1970 911 1993 esse
930 1973 961 1993 v.
988 1980 1033 1984 -—
1059 1959 1099 1993 In
1118 1961 1248 2005 quanto
1266 1960 1322 2004 poi
1348 1971 1367 1994 a
1400 1959 1545 1994 Veneris
1564 1959 1661 1999 bella,
1687 1969 1760 2002 sap-

279 2006 393 2050 piamo
429 2005 490 2039 che
516 2006 545 2040 si
570 2005 643 2040 dice
668 2006 756 2040 delle
782 2006 830 2040 ire
856 2017 873 2040 e
904 2006 992 2041 delle
1024 2008 1106 2042 risse
1132 2018 1298 2048 a1110r0se3
1337 2007 1396 2042 cfr.
1423 2006 1498 2041 Tib.
1515 2034 1522 2048 ,
1555 2007 1595 2048 I,
1622 2006 1665 2046 3,
1699 2005 1759 2039 64:

285 2069 297 2083 α
317 2052 445 2097 proelia
472 2053 591 2087 miscet
609 2064 703 2086 amor
721 2068 751 2087 ».
779 2074 825 2078 —-
850 2053 1064 2098 scissosque.-
1093 2054 1254 2098 potrebbe
1279 2054 1541 2088 sottintendcrsi
1559 2064 1638 2095 esse,
1657 2063 1674 2086 e
1691 2052 1760 2086 cosi

280 2111 364 2145 pure
389 2100 475 2143 dopo
495 2100 708 2144 perfractae,
733 2100 852 2145 giusta
878 2101 911 2134 la
934 2101 1145 2135 costruzione
1163 2101 1197 2135 di
1218 2112 1347 2146 queror
1365 2101 1502 2146 seguito
1519 2101 1563 2135 da
1582 2111 1629 2134 un
1648 2098 1759 2141 verbo,

279 2159 309 2181 v.
329 2147 483 2191 Madvig,
510 2147 626 2190 §35r
654 2147 731 2181 Non
750 2147 1031 2182 sottintendendo
1056 2148 1160 2190 l'esse,
1188 2148 1215 2182 si
1241 2148 1389 2183 avrebbe
1407 2149 1465 2193 qui
1491 2148 1525 2182 la
1551 2147 1761 2182 costruzione

279 2205 339 2228 con
365 2194 596 2235 l'accusativo,
624 2194 685 2228 che
710 2194 738 2228 si
765 2206 826 2229 usa
852 2195 974 2229 alcuna
994 2195 1088 2230 volta
1114 2206 1173 2229 con
1200 2195 1323 2230 iverbi
1341 2195 1568 2237 intransitivi,
1596 2195 1656 2229 che
1672 2193 1758 2228 indi-

280 2252 363 2275 cano
388 2241 596 2275 sentimento
622 2241 829 2283 dell’animo,
856 2254 874 2276 0
900 2242 934 2276 la
960 2242 1240 2277 manifestazione
1266 2243 1301 2277 di
1326 2244 1447 2287 questo
1472 2242 1702 2282 sentiment03
1728 2251 1759 2274 v.

280 2288 433 2332 Madvig,
460 2290 480 2331 ξ
500 2288 577 2329 190,
605 2300 631 2322 c.
659 2289 722 2322 Del
743 2291 831 2323 resto
856 2291 873 2323 e
899 2291 980 2324 nota
1008 2290 1040 2324 la
1058 2290 1271 2324 costruzione
1289 2290 1324 2323 di
1342 2300 1471 2334 queror
1488 2300 1548 2324 con
1567 2287 1760 2328 l'ablativo;

281 2335 339 2369 cfr.
368 2335 469 2369 Sall:
503 2350 517 2366 α
536 2335 620 2369 falso
650 2335 807 2380 queritur
833 2335 873 2370 de
891 2338 1017 2371 natura
1046 2348 1107 2371 sua
1137 2348 1245 2381 genus
1265 2337 1454 2371 humanum
1473 2351 1504 2371 2>.
1525 2357 1570 2362 —
1619 2338 1690 2373 54.
1711 2333 1762 2368 Ia·

280 2382 374 2426 coby,
402 2382 434 2415 al
461 2393 491 2416 v.
511 2383 570 2416 53:
605 2397 618 2413 <x
639 2382 688 2416 La
713 2383 868 2427 passione
893 2383 1089 2418 dell'amore
1115 2385 1211 2418 viene
1238 2384 1391 2418 indicata
1417 2395 1476 2418 con
1502 2383 1644 2428 capillos
1673 2381 1760 2416 scin-

280 2429 372 2470 dere,
396 2429 489 2470 fores
513 2429 692 2474 frangere,
718 2441 838 2475 imque
857 2441 968 2474 yemis
983 2434 1171 2474 appetere;
1197 2431 1254 2466 cfr.
1275 2432 1389 2476 Prop.‚
1414 2431 1461 2473 II,
1480 2431 1511 2472 5,
1531 2430 1572 2465 21
1592 2441 1635 2464 s.:
1669 2444 1682 2460 α
1701 2438 1760 2462 nec

281 2475 347 2510 tibi
372 2476 506 2519 periuro
531 2477 686 2510 scindam
712 2476 752 2511 de
770 2488 904 2521 corpore
930 2481 1069 2519 vestem,
1108 2479 1112 2523 Ι
1151 2490 1210 2512 nec
1236 2489 1310 2513 mea
1336 2478 1528 2523 praeclusas
1552 2476 1694 2522 fregerit
1709 2475 1761 2509 ira

280 2523 367 2557 fores
405 2523 408 2566 Ι
447 2533 507 2557 nec
533 2523 599 2557 tibi
625 2534 789 2558 connexos
815 2524 926 2558 iratus
951 2536 1086 2569 carpere
1111 2526 1218 2560 crines
1252 2526 1257 2570 Ι
1294 2537 1354 2560 nec
1380 2525 1474 2560 duris
1500 2524 1610 2559 ausim
1628 2522 1760 2557 laedere

281 2569 461 2615 pollicibus
479 2584 510 2603 ».
529 2590 574 2595 —-
671 2573 741 2607 55.
768 2572 932 2607 subtusa:
952 2588 997 2601 :-
1013 2573 1275 2608 subi-erberni&
1296 2572 1467 2617 Scaligero
1484 2571 1594 2616 ripose
1609 2569 1759 2613 suffusa,

281 2628 338 2651 ma
361 2617 470 2650 allora
494 2617 637 2652 avrebbe
667 2618 794 2652 dovuto
821 2619 1044 2664 aggiungersi
1070 2619 1254 2655 l'ablativo
1281 2619 1443 2654 lacrimis.
1469 2639 1515 2644 —
1610 2620 1681 2654 56.
1707 2616 1760 2650 de-

280 2667 428 2699 mentes.-
466 2664 668 2709 Properzio,
703 2665 767 2708 IV,
807 2666 846 2708 8,
882 2666 941 2701 64:
976 2682 988 2697 «
1014 2669 1048 2701 et
1075 2678 1149 2702 mea
1175 2678 1331 2712 perversa
1356 2667 1489 2701 sauciat
1514 2676 1571 2700 ora
1597 2675 1701 2699 manu
1727 2678 1757 2697 2.
