1883 3049
291 228 341 267 26
870 240 989 270 nmo
1020 240 1191 270 'rmum

400 314 460 355 Ac
489 314 608 365 circa,
638 315 830 370 gravibus
861 316 996 370 pensis
1027 315 1157 357 adfixa
1187 316 1327 370 puella

456 379 667 421 Paulatim
698 392 835 422 somno
866 380 969 422 fessa
999 380 1185 422 remittat
1215 393 1327 435 opus.

407 444 522 485 Tunc
551 444 711 486 veniam
743 444 890 496 subito,
922 457 995 487 nec
1026 445 1244 499 quisquam
1274 445 1438 487 nuntiet
1467 447 1572 495 ante,

288 511 341 552 90
458 508 537 551 Sed
566 508 704 551 videar
732 509 842 552 caelo
872 509 1022 551 missus
1053 509 1190 552 adesse
1221 509 1313 552 tibi.

401 574 517 617 Tunc
547 573 665 625 mihi,
697 574 831 628 qualis
863 574 953 626 eris,
984 574 1125 629 longos
1154 575 1321 617 turbata
1352 574 1535 629 capillos,

458 638 589 681 Obvia
619 638 783 691 nudato,
814 639 947 691 Delia,
979 652 1094 681 curre
1124 639 1236 694 pede.

399 704 486 746 Hoc
516 716 668 758 precor,
698 704 806 746 hunc
836 704 960 746 illum
989 704 1104 747 nobis
1133 704 1292 748 Aurora
1321 705 1520 747 nitentem

455 768 693 811 Luciferum
724 769 846 812 roseis
877 769 1048 812 candida
1078 771 1211 823 portet
1240 769 1367 824 equis.

287 903 405 947 lasque
430 901 604 936 laboribus
630 903 826 947 urguent».
854 920 899 927 ω
995 901 1065 939 87.
1093 901 1201 937 Senza
1226 901 1279 937 far
1303 902 1477 937 menzione
1495 901 1584 937 delle
1602 902 1694 937 varie
1719 902 1768 937 in-

287 949 532 994 terpretazioni
557 960 574 983 e
599 949 818 994 disposizioni
855 949 916 984 che
942 949 970 983 si
994 961 1054 984 son
1081 949 1162 984 (1310
1199 949 1287 984 delle
1316 950 1431 995 parole
1455 949 1491 984 di
1516 951 1637 995 questo
1663 961 1770 991 verso,

287 997 417 1031 diremo
443 996 605 1040 301131110,
631 997 692 1031 che
718 996 747 1030 ci
772 996 906 1031 sembra
944 996 1033 1031 assai
1062 996 1238 1042 probabile
1275 996 1336 1031 che
1361 998 1456 1032 eirca
1481 996 1532 1031 sia
1556 999 1655 1042 posto
1680 1008 1773 1032 come

291 1059 326 1073 =
357 1045 460 1078 iuxta
497 1054 583 1086 eam,
618 1044 790 1088 yravibus
825 1044 944 1088 pensis
981 1044 1129 1089 dipenda
1159 1044 1203 1078 da
1228 1044 1354 1087 affixa,
1387 1044 1581 1079 «intenta»
1613 1056 1630 1078 e
1651 1045 1773 1089 puella

289 1102 356 1126 non
382 1091 433 1125 sia
457 1102 555 1136 presa
580 1091 887 1135 collettivamente,
913 1102 969 1125 ma
994 1091 1023 1125 si
1048 1091 1200 1126 riferisca
1225 1091 1269 1125 ad
1292 1102 1362 1126 una
1386 1091 1458 1126 sola
1475 1091 1616 1133 ancella,
1635 1091 1773 1126 intenta

288 1138 322 1172 al
348 1149 452 1183 grave
478 1138 603 1172 lavoro.
633 1158 676 1163 ——-
698 1139 889 1182 yravz'hus:
915 1138 1046 1173 riferito
1073 1150 1093 1173 a
1117 1139 1246 1183 pensis,
1272 1139 1297 1173 il
1323 1138 1538 1183 penneeehio,
1572 1140 1637 1183 pub
1665 1150 1774 1173 essere

288 1185 385 1220 detto
410 1185 518 1219 anche
543 1196 563 1219 a
588 1185 752 1229 riguardo
788 1185 843 1220 del
879 1196 968 1230 peso.
999 1206 1044 1211 —
1141 1188 1212 1222 88.
1239 1187 1414 1221 remittat.-
1451 1197 1532 1220 sono
1569 1185 1645 1220 noti
1669 1186 1681 1220 i
1707 1186 1773 1220 due

288 1231 476 1277 significati
501 1232 536 1266 di
561 1233 745 1273 remittere,
784 1233 988 1267 secondoehe
1014 1234 1031 1266 ὲ
1057 1233 1242 1267 transitivo
1268 1244 1286 1266 o
1311 1233 1535 1268 intransitivo
1571 1234 1693 1278 (trans.
1720 1234 1774 1267 de-

283 1289 403 1324 porre,
419 1279 566 1314 intrans.
579 1280 729 1324 perdere
746 1279 977 1325 d'z'ntensz‘ta).
996 1300 1041 1305 -—
1137 1282 1209 1316 89.
1228 1283 1326 1315 ante:
1345 1291 1420 1314 avv.
1448 1300 1494 1305 --
1589 1283 1662 1317 90.
1680 1280 1773 1315 caelo

287 1327 430 1362 missus.-
457 1327 507 1361 sia
532 1337 591 1371 per
628 1327 662 1360 la
699 1330 829 1361 venuta
865 1327 1084 1372 improvvisa,
1124 1327 1176 1361 sia
1213 1338 1271 1372 per
1297 1327 1323 1361 il
1348 1326 1474 1372 gaudio
1508 1328 1700 1372 apportato.
1727 1347 1773 1353 -—

287 1375 423 1409 adesse:
449 1374 510 1418 qui
534 1385 602 1407 non
628 1375 646 1408 ὲ
670 1374 844 1414 assistere,
870 1385 926 1408 ma
951 1378 1027 1409 star
1052 1375 1210 1409 dinanzi.
1239 1395 1284 1399 —
1379 1377 1448 1411 91.
1477 1374 1596 1419 lonyos
1626 1375 1770 1409 turbata

286 1421 446 1465 capillos:
473 1423 604 1466 quanto
630 1421 664 1455 al
689 1421 871 1466 participio
897 1421 1182 1464 coll'accusativo,
1212 1421 1439 1456 rimandiamo
1464 1421 1532 1455 alla
1550 1422 1632 1455 nota
1649 1421 1773 1456 all'im-

280 1469 390 1513 plecta
414 1468 470 1502 del
509 1480 538 1503 v.
579 1468 634 1502 69.
672 1468 875 1503 Imitazione
912 1469 947 1502 in
986 1468 1188 1510 Claudiano,
1226 1469 1347 1513 Epa'th.
1388 1468 1484 1503 Pan.
1511 1472 1544 1503 et
1572 1468 1681 1503 Celer.
1708 1468 1771 1503 28:

294 1517 426 1560 «atque
451 1517 526 1549 0131
551 1514 726 1560 indigesta
743 1526 865 1559 0011133,
889 1515 1033 1550 turbata
1050 1516 1239 1561 capillos».
1267 1534 1313 1540 —
1409 1518 1479 1553 92.
1511 1515 1638 1550 Obvia:
1667 1526 1772 1560 regge

286 1563 313 1596 il
337 1563 426 1596 mihi
448 1562 504 1597 del
529 1574 560 1596 ν.
587 1562 715 1607 preced.
750 1583 795 1588 ——
830 1563 967 1598 nudato
987 1563 1095 1607 pede:
1134 1574 1234 1597 senza
1263 1562 1409 1604 sandali,
1436 1573 1494 1607 per
1519 1562 1554 1596 la.
1580 1562 1700 1597 fret-ta.
1726 1582 1773 1588 —

287 1612 359 1646 93.
386 1609 480 1643 hunc
504 1609 619 1644 allum:
645 1610 783 1655 sciogli:
822 1610 879 1645 hic
915 1610 972 1644 ille
1008 1611 1054 1645 sit
1090 1621 1200 1654 quem.
1229 1609 1298 1645 Cfr.
1335 1610 1448 1655 Verg.‚
1474 1609 1545 1644 En.
1573 1610 1653 1650 VII,
1681 1609 1770 1644 255:

293 1672 306 1688 ε
321 1657 414 1691 hunc
436 1657 538 1690 illum
554 1656 637 1690 fatis
654 1658 794 1691 externa
811 1657 855 1691 ab
873 1657 950 1692 sede
966 1657 1169 1702 profectum,
1186 1669 1228 1692 ss.
1248 1671 1280 1692 >.
1300 1677 1345 1682 —
1442 1659 1514 1693 94.
1541 1657 1770 1699 Luciferum:

286 1704 321 1738 13
345 1703 448 1738 310113
474 1704 528 1737 del
545 1704 713 1738 martino:
741 1705 801 1749 qui
817 1706 874 1738 313
891 1716 949 1749 per
966 1705 1066 1739 diem.
1093 1725 1139 1730 —
1163 1705 1271 1739 roseis
1287 1705 1403 1749 equis.-
1429 1704 1463 1738 la
1481 1704 1627 1738 candida
1645 1715 1768 1738 aurora

284 1753 352 1795 pub
376 1761 483 1785 essere
508 1752 648 1795 portata
673 1751 717 1785 da
742 1752 827 1786 rosei
854 1751 1022 1795 destricti,
1055 1762 1147 1786 come
1173 1752 1334 1786 l'aurora
1361 1751 1456 1786 lutea
1480 1751 1515 1785 di
1543 1751 1655 1796 Verg.,
1682 1751 1771 1791 En„

289 1798 368 1840 VII,
385 1798 448 1832 26:
483 1798 644 1832 «Aurora
668 1799 704 1832 in
731 1799 835 1833 roseis
861 1798 1022 1843 fulgebat
1048 1799 1142 1834 lutea
1167 1798 1258 1844 bigis
1273 1814 1307 1833 2.
