1883 3049
713 168 858 198 amem
886 168 1048 204 scama,
1080 169 1107 196 v
1600 158 1651 197 53

334 240 528 297 Pendeat,
560 246 601 287 et
630 244 753 299 spicis
783 245 965 299 tempora
996 244 1125 299 cinge,
1158 243 1288 286 Ceres.

196 312 220 353 5
278 311 389 353 Luce
419 323 533 353 sacra
562 310 791 364 requiescat
820 311 983 360 humus,
1015 309 1244 364 requiescat
1279 308 1424 358 arator,

335 376 389 418 Et
418 389 539 431 grave
569 388 759 430 suspenso
789 388 948 418 vomere
979 376 1106 418 cesset
1145 387 1256 429 opus.

282 441 435 484 Solvite
466 441 601 484 vincla
630 441 762 496 iugis:
794 454 901 483 nunc
932 440 982 483 ad
1012 440 1221 495 praesepia
1252 438 1400 481 debent

337 507 467 548 Plena
497 507 683 548 coronato
713 507 819 548 stare
850 506 969 549 boves
999 505 1144 560 capite.

283 570 431 613 Omnia
461 571 544 614 sint
573 572 735 626 operata
766 571 858 613 deo:
891 583 969 613 non
999 570 1150 612 audeat
1179 570 1267 612 ulla

171 638 223 678 10
337 636 563 679 Lanificam
591 636 726 691 pensis
755 635 996 691 imposuisse
1017 648 1201 681 manum.

169 791 231 826 che
254 791 364 826 Bacco
388 792 455 836 puo
485 790 648 835 prendere
673 801 690 825 e
716 790 914 826 tralasciare
940 802 959 825 a
985 801 1045 825 suo
1077 790 1221 835 piacere,
1255 800 1347 825 come
1380 789 1409 825 si
1442 792 1572 826 mostra
1597 789 1656 827 dal

169 839 270 883 luogo
296 837 332 872 di
357 838 491 878 Ovidio,
505 839 609 882 Met„
627 838 689 881 IV,
710 838 770 873 19:
804 854 818 870 <z
834 838 913 872 Tibi
930 849 1008 873 cum
1025 838 1097 873 sine
1115 838 1273 873 cornibus
1290 838 1408 872 adstas
1432 839 1437 884 Ι
1459 839 1656 883 virgineum

169 888 275 930 caput
299 888 397 920 est».
423 885 524 920 Nelle
549 885 702 920 sculture
727 886 805 920 vien
831 888 909 931 pero
934 886 1042 920 Bacco
1065 887 1327 930 rappresentato
1352 888 1546 920 raramente
1572 887 1657 921 colle

169 944 285 974 corna3
312 944 329 967 e
353 933 388 967 la
414 933 554 978 ragione
580 933 616 967 di
641 933 691 967 cio
716 933 841 967 ricerca
866 933 1057 977 Lessing,
1083 933 1294 975 Laocoonte,
1312 932 1409 967 VIII.
1429 954 1474 958 —
1492 945 1561 968 uva
1573 945 1657 978 pen-

169 981 270 1015 deat:
296 979 430 1021 Ovidio,
456 981 558 1022 Met„
585 979 652 1023 ΙΙΙ,
680 980 759 1022 666,
797 980 830 1014 lo
867 980 940 1015 dice
984 980 1165 1014 «frontem
1203 980 1437 1015 circumdatus
1464 981 1584 1015 uvis».
1611 1002 1657 1006 —-

170 1031 212 1064 4.
238 1028 359 1072 Spesso
392 1027 512 1063 Cerere
537 1029 554 1061 e
580 1027 755 1061 chiamata
789 1027 846 1061 dai
871 1027 963 1072 poeti
989 1027 1155 1072 spieifera
1188 1027 1261 1072 (cfr.
1289 1027 1424 1066 Seneca,
1452 1028 1541 1062 Her.
1572 1028 1657 1072 Oet„

170 1074 266 1120 598).
292 1095 339 1100 —
434 1078 475 1112 5.
501 1075 696 1119 requiescat
720 1074 861 1109 humus.-
889 1074 1000 1116 Ovid.‚
1034 1075 1148 1116 Fast.‚
1175 1075 1203 1116 Ι,
1231 1075 1314 1109 6672
1349 1090 1362 1106 <x
1381 1074 1514 1117 Villice,
1540 1075 1584 1109 da
1610 1087 1658 1110 re-

169 1122 284 1166 quiem
310 1124 468 1156 terrae».
494 1141 540 1147 —
637 1124 676 1158 6.
702 1121 918 1167 Ripetizione
948 1122 1119 1166 piuttosto
1154 1121 1321 1166 languida
1346 1121 1400 1156 del
1428 1133 1523 1156 verso
1549 1134 1658 1167 prece-

171 1169 284 1204 dente.
302 1189 348 1194 —
365 1172 487 1204 cesset.-
513 1179 646 1204 cessare
671 1179 760 1213 opus
785 1171 802 1203 ὲ
835 1184 848 1199 «
862 1169 1116 1204 abbandonam
1142 1169 1168 1203 z'l
1187 1169 1305 1204 lavoro
1319 1184 1351 1212 »,
1378 1170 1552 1204 remittere
1569 1180 1658 1214 opus

171 1218 188 1250 e
214 1216 240 1250 il
265 1216 482 1252 rallentarlo.
510 1216 647 1258 Quanto
671 1216 742 1250 alla
767 1215 951 1251 differ-enza
976 1218 1032 1251 tra
1057 1227 1190 1251 cessare
1216 1228 1233 1250 e
1258 1217 1472 1261 requiescere
1496 1219 1577 1251 nota
1596 1218 1658 1251 che

172 1264 365 1298 desidiosus
389 1267 510 1308 cessat,
535 1263 649 1304 fessus
674 1264 870 1307 requiescit.
896 1283 942 1288 —
1038 1264 1077 1300 ²7.
1104 1263 1232 1299 Solvite
1259 1263 1504 1308 vinealia-(1225.-
1530 1265 1624 1308 iuqis
1641 1266 1658 1298 e

173 1310 310 1352 dativo;
335 1310 465 1346 solvere
490 1311 600 1345 alicui
622 1311 780 1355 aliquam
804 1322 876 1345 rem
894 1327 940 1340 ==
955 1310 1085 1345 schere
1111 1311 1261 1354 aliquem
1287 1311 1409 1355 aliqua
1426 1322 1474 1345 re.
1502 1310 1580 1345 Cosi
1596 1312 1659 1346 sol-

173 1369 249 1393 vere
274 1359 360 1402 iuya
386 1357 708 1392 taurts=solcere
741 1361 863 1392 tam-os
894 1358 988 1402 iuqis
1019 1357 1129 1404 (abl).
1164 1358 1287 1392 Dissen
1321 1357 1448 1402 prende
1481 1358 1575 1403 z'uyis
1600 1370 1660 1404 per

173 1404 327 1439 ablativo
353 1404 506 1450 (citando
530 1405 556 1438 il
582 1404 710 1440 sol-vere
735 1405 836 1440 corde
862 1406 1022 1450 metum);
1054 1417 1111 1439 ma
1136 1407 1214 1440 sara
1247 1416 1379 1449 sempre
1404 1405 1530 1449 meglio
1556 1406 1659 1440 inter-

173 1452 324 1497 pretarlo
349 1452 482 1495 dativo,
507 1452 646 1496 giacche
671 1463 738 1486 non
764 1463 844 1486 sono
870 1453 882 1486 i
906 1452 987 1486 nodi
1012 1452 1072 1487 che
1091 1453 1119 1486 si
1136 1452 1289 1487 debbono
1308 1452 1454 1487 liberare
1471 1453 1528 1486 dal
1545 1454 1660 1498 gi0g03

174 1510 231 1534 ma
255 1500 272 1533 e
297 1499 323 1533 il
349 1500 451 1545 giogo
477 1498 538 1533 che
563 1499 592 1533 si
618 1499 700 1534 deve
725 1499 868 1534 liberare
894 1499 951 1534 dai
974 1499 1064 1534 nodi.
1084 1520 1128 1525 —-
1146 1511 1243 1534 ‘nuuc
1260 1500 1530 1545 adpraesepz‘a:
1556 1501 1660 1545 luogo

175 1547 345 1591 riportato
370 1547 574 1581 dall'autore
599 1546 655 1580 del
680 1548 832 1581 trattato
857 1547 915 1581 De
940 1547 1058 1581 dubiis
1090 1547 1290 1581 nominibus
1322 1548 1358 1581 in
1394 1547 1552 1582 Gramm.
1588 1548 1660 1589 lat„

173 1593 225 1628 ed.
255 1593 375 1636 Keil„
401 1594 443 1637 V,
477 1604 556 1638 pag.
588 1593 666 1634 587,
695 1594 748 1628 17.
773 1614 818 1619 —
915 1597 954 1630 8.
986 1593 1055 1628 Cfr.
1084 1593 1195 1635 Ovid.‚
1222 1595 1338 1637 Fast„
1364 1594 1391 1635 Ι,
1420 1594 1504 1629 663;
1539 1597 1660 1629 «state

173 1641 327 1675 coronati
350 1641 493 1685 plenum
518 1640 561 1674 ad
586 1651 756 1685 praesepe,
782 1641 918 1675 iuvenci
939 1655 970 1676 ν.
999 1640 1070 1675 Era
1097 1652 1224 1676 usanza
1249 1641 1284 1675 di
1313 1652 1472 1676 coronare
1498 1642 1588 1676 nelle
1613 1653 1661 1677 ce-

174 1688 318 1722 rimonie
343 1688 499 1732 religiose
532 1687 584 1731 gli
608 1688 768 1722 animali:
795 1688 884 1722 nelle
910 1687 995 1723 feste
1021 1688 1057 1722 di
1094 1689 1208 1723 Diana
1245 1689 1274 1722 si
1299 1699 1510 1723 eoronavano
1536 1689 1547 1723 i
1573 1690 1659 1731 cani,

176 1735 216 1770 ed
242 1735 278 1769 in
304 1735 417 1780 quelle
442 1735 478 1769 di
510 1735 617 1770 Vesta
650 1735 679 1769 si
711 1746 922 1769 coronavano
954 1735 1005 1780 gli
1037 1735 1126 1770 asini
1151 1735 1186 1770 di
1219 1736 1301 1780 pani
1338 1736 1470 1782 piegatj
1508 1747 1528 1770 a
1553 1736 1661 1771 forma

176 1782 212 1817 di
236 1793 367 1817 corona.
393 1802 439 1808 —
581 1785 621 1819 9.
652 1782 800 1816 Omnia:
833 1782 902 1816 cioe
937 1782 1037 1822 tutti,
1073 1782 1213 1823 nomini,
1248 1783 1403 1817 animali.
1442 1783 1473 1818 E
1504 1787 1603 1828 posto
1635 1784 1661 1817 il

175 1832 299 1864 neutro
336 1841 395 1874 per
428 1829 604 1873 maggiore
634 1829 976 1864 indeterminatezza.
1009 1829 1171 1875 Esempio
1208 1829 1243 1864 di
1286 1830 1398 1864 simile
1435 1831 1663 1873 generalizza-

177 1877 272 1911 zione
298 1876 354 1911 del
379 1878 534 1911 concetto
558 1887 617 1921 per
642 1887 755 1911 mezzo
781 1876 836 1911 del
861 1879 984 1911 neutro
1013 1877 1110 1921 (Cic.,
1136 1878 1194 1911 De
1217 1877 1362 1918 Senect„
1390 1877 1423 1920 3,
1450 1878 1501 1922 7):
1536 1889 1662 1923 «saepe

177 1924 268 1958 enim
293 1923 439 1958 interfui
474 1923 622 1968 querelis
657 1924 843 1958 amicorum
881 1935 1045 1968 meorum,
1082 1935 1170 1969 quae
1195 1924 1232 1959 C.
1264 1924 1450 1966 Salinator,
1489 1935 1576 1969 quae
1603 1926 1660 1970 Sp.

177 1971 327 2006 Albinus
342 1998 396 2005 .....
422 1970 596 2014 deplorare
621 1970 806 2005 solebant»
840 1974 945 2015 (quae
966 1987 1001 2001 =
1023 1972 1137 2017 quas).
1165 1971 1284 2006 Simile
1302 1972 1449 2017 esempio
1474 1973 1491 2005 e
1516 1972 1551 2006 in
1579 1972 1661 2013 Cic,

177 2019 237 2053 De
260 2019 354 2060 Am„
380 2017 441 2059 IV,
469 2018 524 2052 14.
549 2038 595 2043 —
619 2018 691 2053 siut
715 2022 882 2063 operata:
919 2019 945 2052 il
983 2019 1084 2053 verbo
1122 2019 1274 2063 operari,
1313 2019 1498 2064 adoperato
1528 2019 1563 2053 di
1589 2031 1663 2054 cose

178 2076 281 2105 sacre,
309 2066 435 2100 smette
467 2065 494 2099 il
518 2065 712 2110 significato
745 2065 779 2099 di
805 2065 970 2109 lamrare,
1004 2066 1045 2100 ed
1071 2077 1205 2101 assume
1239 2066 1353 2111 quello
1386 2067 1421 2100 di
1446 2067 1662 2110 sacrificare,

178 2113 232 2147 rei
255 2112 397 2148 divinae
422 2122 562 2156 operam
587 2112 681 2147 dare.
716 2112 796 2147 Cosi
826 2125 909 2158 pure
934 2113 960 2147 il
986 2113 1087 2148 verbo
1111 2113 1239 2155 faeere,
1273 2125 1324 2158 gr.
1353 2115 1468 2157 ἕρδειν
1494 2124 1512 2146 o
1538 2114 1662 2157 ῥέζειν,

178 2160 295 2204 Verg.,
323 2159 397 2202 Ge„
423 2159 451 2201 Ι,
477 2159 563 2194 339;
597 2174 611 2190 α
626 2170 720 2194 sacra
745 2160 831 2195 refer
856 2159 995 2195 Caesari
1011 2161 1112 2195 laetis
1137 2162 1298 2205 operatus
1323 2161 1360 2194 in
1386 2159 1500 2194 herbis
1515 2174 1529 2190 2>
1564 2159 1664 2204 (dove

179 2210 345 2251 operatus
369 2206 415 2240 ha.
441 2206 636 2250 significato
661 2206 696 2241 di
720 2210 888 2252 presente,
905 2224 951 2238 =
966 2208 1199 2253 sacrificans).
1226 2207 1388 2242 Dovendo
1406 2207 1620 2251 aggiungere
1638 2206 1664 2240 il

179 2265 278 2288 nome
303 2253 395 2288 della
419 2252 570 2288 divinita
595 2264 614 2288 a
639 2254 695 2288 cui
720 2255 748 2288 si
773 2255 942 2299 sagrifica,
969 2256 997 2289 si
1023 2255 1199 2300 aggiunge
1216 2255 1251 2288 in
1274 2255 1408 2289 dativo:
1442 2254 1574 2289 «iustis
1591 2265 1664 2297 ope-

179 2303 258 2335 rata
283 2300 399 2335 divis»
433 2300 561 2345 (Oraz.‚
587 2300 624 2335 C.
651 2300 714 2341 ΙΙΙ,
745 2301 796 2342 14,
825 2303 879 2347 5);
914 2317 927 2333 ι
943 2304 1026 2337 tunc
1051 2307 1192 2347 operata
1224 2302 1284 2336 deo
1318 2302 1452 2346 pubes»
1485 2301 1588 2346 (Tib.‚
1614 2301 1662 2342 II,

181 2349 213 2389 5,
240 2348 312 2393 95).
330 2367 375 2372 -
393 2347 472 2382 deo.-
499 2347 605 2382 anche
630 2347 657 2381 il
682 2348 854 2392 singolare
879 2349 940 2384 deo
958 2366 1004 2380 =
1019 2350 1164 2384 numini
1184 2350 1201 2382 e
1226 2350 1323 2394 posto
1347 2360 1406 2393 per
1422 2349 1599 2394 maggiore
1616 2348 1664 2381 in-

180 2394 482 2429 determinatezza.
508 2415 554 2420 —
578 2404 652 2429 uon
676 2395 809 2430 audeat
831 2396 924 2430 ulla:
950 2397 984 2430 la
1017 2397 1203 2441 negazione
1228 2408 1246 2430 0
1272 2396 1300 2430 si
1326 2396 1441 2430 unisce
1466 2407 1528 2430 con
1553 2395 1630 2429 ulla
1647 2406 1664 2429 e

181 2442 212 2476 si
235 2442 282 2476 ha
306 2452 378 2476 non
403 2441 478 2476 ulla
492 2458 539 2472 =
556 2442 665 2483 nulla,
691 2453 783 2477 come
800 2443 941 2477 innanzi
958 2444 986 2487 Ι,
1006 2444 1036 2485 7,
1064 2444 1102 2478 2:
1129 2459 1143 2474 <z
1157 2455 1225 2477 non
1251 2443 1314 2477 ulli
1332 2443 1551 2478 dissoluenda
1567 2443 1629 2477 deo
1643 2457 1658 2472 2>

182 2500 200 2523 e
225 2499 318 2523 come
343 2489 372 2522 si
409 2491 508 2523 trova
544 2488 691 2533 qualche
726 2489 822 2524 volta
857 2490 966 2524 anche
1003 2491 1039 2524 in
1076 2501 1175 2535 prosa
1201 2490 1298 2534 (Cic,
1324 2491 1432 2525 divin.
1458 2490 1497 2524 in
1523 2490 1664 2531 Caecil„

183 2535 316 2577 XVIII,
336 2535 400 2571 60:
435 2535 492 2569 «si
517 2546 595 2570 vero
627 2547 695 2569 non
728 2536 801 2571 ulla
832 2536 900 2571 tibi
931 2536 1024 2572 facta
1055 2540 1108 2572 est
1141 2537 1268 2572 iniuria
1282 2539 1337 2583 »);
1364 2549 1382 2571 ο
1408 2538 1435 2571 si
1462 2537 1577 2572 unisce
1602 2548 1663 2571 con

183 2582 322 2625 audeat,
348 2593 366 2617 e
390 2581 446 2617 del
470 2592 542 2617 non
574 2581 759 2627 adoperato
784 2594 845 2618 con
877 2595 924 2618 un
952 2584 1157 2629 imperativo
1191 2585 1219 2619 si
1243 2585 1360 2619 hanno
1392 2584 1500 2619 anche
1525 2584 1662 2628 esempi,

183 2639 276 2665 come
312 2629 426 2674 quello
463 2628 498 2663 di
524 2628 636 2672 Ovid.‚
662 2629 709 2664 A,
739 2641 818 2670 am„
843 2630 909 2671 ΙΙΙ,
938 2631 1023 2666 129;
1063 2647 1077 2663 ι
1103 2643 1162 2666 vos
1195 2643 1330 2677 quoque
1361 2642 1428 2666 non
1454 2631 1541 2666 caris
1566 2642 1664 2665 aures

184 2677 322 2712 onerate
346 2676 521 2723 lapillis».
547 2695 594 2702 -
691 2679 760 2714 10.
785 2676 1005 2722 Lanificam.-
1021 2678 1213 2724 prolettieo.
1230 2698 1276 2704 --
1291 2678 1516 2724 imposuisse:
1533 2678 1665 2715 audeat
