1883 3049
240 177 290 217 58
821 186 938 216 Amne
967 186 1137 216 'rmutto

353 264 430 306 Sed
462 264 577 306 ‘bene
609 263 846 304 Messalam’
879 276 952 305 sua
983 263 1154 317 quisque
1185 264 1235 304 ad
1252 265 1395 318 pocula
1426 265 1547 318 dicat,

409 329 564 371 Nomen
588 330 635 370 *et
665 327 842 370 absentis
871 328 1035 383 singula
1064 329 1185 370 verba
1214 331 1366 371 sonent.

355 393 497 436 Gentis
527 393 758 447 Aquitanae
789 393 945 435 celeber
965 393 1141 435 Messala
1161 393 1395 449 triumphis,

409 458 461 499 Et
490 470 640 513 magna
668 457 840 500 intonsis
869 457 1000 512 gloria
1029 458 1157 500 victor
1187 458 1285 511 avis,

242 524 293 564 35
354 522 446 565 Huc
478 522 570 565 ades
601 522 815 577 aspiraque
846 522 962 574 mihi,
994 522 1092 564 dum
1123 524 1301 566 carmine
1332 525 1466 566 nostro

409 587 611 630 Redditur
642 587 830 642 agricolis
860 587 994 642 gratia
1025 588 1253 630 caelitibus.

354 653 466 695 Rura
496 665 594 695 cano
622 653 808 706 rurisque
834 652 937 695 deos.
968 653 1046 695 His
1077 654 1162 695 vita
1192 654 1401 709 magistris

412 718 608 760 Desuevit
632 731 784 771 querna
813 717 963 772 pellere
993 718 1140 773 glande
1170 718 1340 768 famem3

243 862 322 893 mos,
350 850 572 894 consuetudo,
599 850 666 893 tus,
692 851 827 885 occasio
863 853 930 890 est,
957 849 1090 894 seguite
1128 849 1172 884 da
1209 861 1256 884 un
1281 850 1434 885 infinito:
1468 866 1481 882 α
1498 850 1645 896 Tempus
1670 853 1721 886 est

244 898 379 932 dicere»
413 897 614 942 espressioni
638 897 674 931 in
700 897 754 931 cui
779 897 810 931 le
836 897 951 941 parole
977 901 1120 940 tempus,
1138 897 1258 939 rubor,
1277 898 1459 932 consilium
1478 909 1541 932 ecc.
1572 898 1722 943 fungono

243 945 286 979 da
311 944 485 990 predicato
511 944 552 979 ed
577 944 804 989 equivalgono
839 943 881 978 ad
907 944 1080 989 aggettivi
1105 946 1140 988 (‹.‹
1155 946 1386 989 opportunum
1411 947 1463 979 est
1488 945 1598 980 dicere
1611 946 1658 991 ι).
1677 966 1720 971 -

244 993 283 1026 In
310 994 440 1037 quanto
466 992 499 1026 al
525 992 677 1036 pensiero
702 1002 863 1036 espresso,
889 990 947 1025 cfr.
975 1002 1057 1035 pure
1083 991 1171 1035 Liv.‚
1196 992 1270 1034 XL,
1292 993 1351 1026 14:
1390 992 1496 1026 «Non
1515 995 1567 1027 est
1587 1003 1638 1027 res
1655 1004 1722 1038 qua

243 1039 451 1082 erubescam,
477 1042 585 1083 pater,
610 1039 638 1073 si
664 1039 718 1073 die
743 1038 830 1073 festo
856 1040 946 1072 inter
971 1038 1130 1083 aequales
1156 1039 1302 1084 largiore
1329 1039 1407 1073 vino
1432 1051 1507 1074 sum
1534 1051 1614 1074 usus
1631 1054 1646 1070 »
1678 1060 1722 1065 --

243 1090 402 1121 errcmtes
428 1087 515 1121 male
541 1086 633 1128 ferre
652 1086 776 1130 pedes.-
822 1101 835 1117 «
851 1085 1085 1120 cumulatio
1100 1100 1131 1127 »,
1170 1097 1187 1119 e
1212 1086 1465 1131 propriamente
1499 1086 1682 1122 l’errantes
1706 1089 1723 1121 ὲ

251 1149 264 1165 «
280 1134 393 1178 prole
406 1134 462 1168 ssi
478 1148 491 1163 ⁷>
524 1134 669 1177 rispetto
695 1134 728 1167 al
754 1133 842 1168 male
867 1132 969 1174 ferre.
1008 1132 1110 1167 Male
1146 1132 1239 1174 ferre
1264 1134 1370 1177 pedes
1402 1135 1419 1167 e
1444 1133 1551 1168 anche
1576 1134 1664 1168 frase
1688 1134 1722 1168 di

244 1192 352 1225 prosa.
381 1201 424 1205 ——
521 1183 590 1217 31.
618 1181 721 1215 ‘bene
746 1179 978 1215 ZlIessalam':
1005 1179 1151 1224 esempio
1177 1180 1211 1214 di
1245 1180 1458 1222 «ellissi»;
1484 1182 1501 1215 e
1518 1181 1722 1216 sottinteso:

243 1228 358 1262 valere
382 1228 493 1262 iubeo.
521 1227 601 1263 Cosi
627 1238 723 1272 pure:
758 1242 771 1258 α
787 1238 847 1262 nec
864 1227 939 1266 sibi,
959 1238 1019 1261 nec
1037 1227 1167 1261 alteri»
1200 1229 1282 1262 sott.
1296 1228 1440 1271 prodest
1464 1227 1563 1273 (Cic,
1582 1228 1637 1263 De
1653 1228 1722 1271 off,

245 1276 276 1316 2,
307 1275 373 1320 10).
402 1274 519 1309 Anche
546 1274 657 1314 Ovid,
685 1275 800 1315 Fast„
819 1274 863 1315 ΙΙ,
893 1274 978 1308 637;
1024 1273 1136 1308 «bene
1162 1286 1230 1316 vos,
1269 1274 1352 1309 bene
1379 1277 1424 1317 te,
1458 1275 1592 1320 patriae
1615 1277 1726 1320 pater,

244 1322 372 1366 optime
399 1321 568 1356 Caesar».
595 1322 695 1356 Nelle
720 1321 921 1366 espressioni
946 1320 1189 1356 desiderative:
1228 1337 1241 1352 «
1257 1321 1340 1357 bene
1364 1322 1461 1364 mihi,
1488 1322 1572 1357 bene
1597 1322 1726 1357 amicae

245 1380 348 1410 meae,
375 1369 459 1403 bene
487 1369 581 1404 vobis
606 1368 809 1409 omnibus»,
836 1368 974 1402 settint.
1001 1369 1148 1404 eveniat.
1182 1368 1250 1404 Cfr.
1278 1381 1337 1414 per
1367 1370 1463 1403 tutto
1488 1370 1538 1404 cie
1563 1369 1725 1414 Zumpt,

245 1417 266 1460 ξ
292 1416 370 1451 759.
385 1427 511 1451 -sua
535 1416 703 1461 quisque.-
730 1417 747 1450 ὲ
773 1416 853 1450 noto
879 1415 939 1450 che
965 1416 1116 1460 quisque
1141 1415 1168 1450 si
1194 1415 1340 1461 adopera
1364 1428 1382 1449 o
1399 1416 1485 1461 dopo
1504 1427 1548 1451 un
1567 1428 1726 1461 pronome

245 1463 419 1505 rifiessivo‚
447 1474 538 1498 come
564 1464 598 1497 in
633 1465 754 1508 questo
787 1474 872 1505 caso,
900 1475 917 1496 0
942 1462 1028 1507 dopo
1054 1474 1101 1497 un
1135 1475 1294 1507 pronome
1327 1463 1472 1498 relativo
1498 1475 1516 1498 o
1541 1464 1726 1507 interroga·

246 1511 329 1554 tivo,
356 1511 391 1545 in
417 1510 643 1555 proposizioni
669 1510 860 1551 accessorie,
887 1522 904 1544 o
924 1509 1009 1554 dopo
1029 1521 1076 1544 un
1094 1511 1305 1554 superlativo
1331 1511 1538 1556 (proximus
1554 1507 1725 1557 quisque),

245 1569 263 1592 o
289 1557 375 1602 dopo
402 1569 447 1592 un
475 1558 649 1592 numerale
674 1557 869 1592 ordinative
895 1557 1064 1602 (decimus
1088 1558 1261 1603 quisque).
1300 1579 1345 1583 —
1456 1561 1528 1596 32.
1554 1558 1725 1594 absentis:

249 1605 370 1650 perche
395 1607 494 1639 stava
520 1605 554 1639 in
581 1605 678 1639 citta.
707 1625 751 1630 —
775 1604 917 1650 sinqula
942 1604 1047 1639 verba
1071 1609 1209 1640 sonent.-
1236 1616 1253 1639 e
1278 1606 1357 1647 eice,
1384 1616 1451 1639 non
1475 1605 1510 1639 vi
1535 1605 1586 1639 sia
1610 1606 1727 1649 pai-ola

245 1652 306 1686 che
331 1663 398 1686 non
425 1652 548 1687 celebri
574 1652 732 1686 Messala.
760 1672 804 1676 —
916 1654 988 1688 33.
1018 1652 1141 1686 Gentis
1165 1652 1372 1696 Aquitanae
1391 1679 1445 1687 .....
1474 1653 1684 1696 triumphis.-
1709 1654 1727 1686 ὸ

246 1701 431 1733 accennato
456 1699 482 1733 il
521 1699 646 1733 trionfo
684 1699 776 1743 sugli
813 1698 993 1744 Aquitani,
1020 1699 1045 1732 il
1070 1699 1113 1732 25
1140 1699 1326 1734 settembre
1353 1700 1429 1734 727.
1457 1720 1501 1725 -
1528 1700 1725 1744 triumphis,

245 1747 361 1781 invece
386 1746 421 1780 di
448 1746 648 1790 triumpho3
673 1746 807 1790 plurale
833 1757 891 1790 per
916 1745 941 1779 il
967 1745 1137 1790 singolare
1163 1757 1255 1780 corne
1280 1746 1314 1780 in
1342 1747 1371 1790 1,
1399 1747 1429 1788 7,
1456 1747 1488 1780 5.
1514 1765 1559 1771 —-
1585 1746 1726 1781 celeber:

247 1793 421 1838 quest'uso
447 1793 538 1828 della
564 1793 680 1837 parola
705 1793 835 1828 celeber
866 1794 883 1827 e
910 1793 1051 1837 poetice,
1089 1804 1154 1826 non
1193 1793 1283 1828 della
1320 1804 1418 1838 prosa
1444 1793 1584 1828 classica
1609 1794 1726 1828 scelta.

247 1840 394 1875 Giacche
418 1840 455 1874 in
481 1843 603 1885 questa
628 1840 757 1875 celeber
786 1851 851 1874 non
880 1840 907 1874 si
933 1839 1004 1875 dice
1030 1839 1064 1874 di
1090 1851 1243 1884 persona,
1270 1851 1325 1875 ma
1352 1840 1387 1874 di
1413 1840 1543 1885 luoghi,
1570 1840 1604 1874 di
1630 1841 1726 1882 feste,

247 1888 282 1921 di
307 1888 488 1928 solennitir,
527 1887 567 1921 ed
593 1888 628 1921 in
665 1887 823 1931 generale
849 1887 885 1921 di
910 1898 986 1921 cosa
1023 1887 1130 1921 molto
1155 1889 1258 1928 nota3
1284 1888 1351 1922 cosi
1376 1888 1556 1922 oraculum
1582 1887 1727 1931 celebre,-

247 1935 334 1970 urbs
358 1935 503 1970 celebris
527 1945 590 1969 ecc.
629 1935 765 1969 Celebre
798 1933 928 1969 riferito
954 1945 974 1968 a
999 1945 1142 1978 persona
1167 1935 1195 1968 si
1229 1935 1302 1969 dice
1334 1935 1452 1969 clarus
1476 1946 1494 1968 0
1519 1934 1657 1969 nobilis.
1683 1954 1728 1960 -

248 1984 320 2019 34.
347 1993 478 2027 mayna
491 2009 545 2016 .....
561 1981 679 2027 yloria
697 2008 751 2016 .....
770 1982 864 2016 avis:
890 1981 1039 2016 Messala
1056 1992 1204 2016 accresce
1221 1982 1230 2015 i
1250 1981 1330 2016 fasti
1348 1981 1441 2016 della
1458 1983 1562 2026 gente
1579 1981 1727 2016 Valeria.

247 2050 291 2054 ——
317 2030 466 2064 intonsis
481 2055 535 2063 .....
562 2030 658 2064 avis.-
683 2029 795 2074 prima
821 2028 993 2063 dell’anno
1018 2029 1088 2063 454
1113 2028 1204 2063 della
1229 2029 1327 2069 citta,
1347 2029 1384 2063 in
1402 2029 1456 2063 cui
1476 2040 1618 2063 vennere
1635 2028 1729 2062 dalla

249 2075 367 2110 Sicilia
393 2077 404 2111 i
428 2077 530 2121 primi
563 2075 721 2117 barbieri,
748 2077 758 2110 i
784 2076 931 2110 Romani
965 2078 1152 2120 portavano
1184 2077 1282 2110 tutta
1308 2076 1342 2110 la
1378 2075 1492 2117 barba,
1522 2075 1608 2110 onde
1633 2075 1728 2120 dagli

248 2124 400 2158 scrittori
425 2124 544 2158 furono
570 2135 682 2168 spesso
708 2123 876 2157 chiamati
892 2123 1028 2158 intonsi
1033 2135 1045 2166 ,-
1070 2123 1128 2158 cfr.
1157 2122 1268 2166 Oraz.,
1287 2122 1325 2157 C.
1341 2123 1388 2164 ΙΙ,
1407 2124 1458 2164 15,
1477 2123 1537 2157 11:
1571 2122 1728 2156 «intonsi

249 2170 393 2205 Catonis
406 2185 421 2200 2>
454 2181 470 2205 e
497 2170 607 2212 Ovid„
625 2170 739 2213 Fast,
758 2170 804 2212 ΙΙ,
824 2170 883 2206 3οε
918 2185 931 2201 α
947 2170 1009 2205 hoc
1026 2169 1118 2214 apud
1135 2169 1289 2204 intonsos
1308 2180 1428 2204 nomen
1445 2169 1694 2204 habebatavos
1707 2183 1721 2200 2

249 2238 293 2242 —-
311 2219 436 2253 victor:
454 2234 500 2247 =
517 2222 558 2252 ut
581 2219 699 2253 victor.
738 2237 783 2243 ——
891 2219 964 2254 35.
1002 2217 1088 2251 Huc
1125 2217 1227 2252 ades.-
1254 2228 1320 2251 non
1347 2219 1363 2250 e
1388 2217 1423 2251 in
1450 2216 1729 2251 contraddizione

249 2264 556 2309 coll'absentis‚·v.
585 2265 639 2299 32.
675 2285 718 2290 —-
743 2265 952 2309 aspiraque.-
985 2265 1146 2308 aspz'rare
1178 2280 1224 2294 =
1253 2265 1391 2307 afflare,
1425 2274 1522 2308 opem
1554 2263 1657 2306 ferre.
1684 2282 1730 2288 ——

249 2315 321 2348 36.
348 2312 527 2347 Redditur
587 2312 730 2357 ⁸qratia:
747 2312 854 2347 anche
872 2311 1192 2356 quest'espressione
1205 2313 1222 2346 e
1237 2311 1379 2346 dell'uso
1394 2311 1534 2355 poetico.
1568 2326 1581 2342 <x
1595 2310 1729 2344 Render

250 2360 363 2403 grazie
378 2373 391 2389 a
424 2359 452 2393 si
478 2359 511 2394 fa
533 2360 673 2403 gratias
698 2370 715 2393 e
733 2360 927 2393 rar-amente
940 2362 1061 2402 yrates
1077 2369 1189 2404 aqere.
1209 2359 1301 2393 Nota
1319 2358 1389 2403 poi:
1404 2358 1561 2403 qratiam
1585 2357 1728 2399 referre,

250 2406 427 2440 mostrarsi
452 2407 697 2448 riconoscente3
719 2407 876 2451 qratiam
900 2406 1031 2447 debere,
1062 2406 1182 2440 dovere
1207 2416 1315 2441 essere
1340 2407 1460 2450 grat0;
1482 2405 1638 2448 qratiam
1671 2404 1729 2438 ha-

252 2454 337 2494 bere,
364 2454 491 2487 sentire
516 2453 768 2495 riconoscenza;
803 2453 942 2498 qratias
978 2464 1091 2498 aqere,
1129 2453 1349 2497 ringraziare.
1378 2452 1521 2495 Quindi:
1555 2451 1729 2495 «Magnas

252 2500 319 2534 tibi
343 2500 475 2544 gratias
500 2511 575 2545 ago,
601 2501 745 2535 maiores
770 2502 875 2535 etiam
905 2500 1018 2541 debeo,
1038 2511 1122 2545 quas
1141 2501 1255 2535 animo
1275 2499 1393 2544 habeo,
1410 2501 1445 2534 et
1462 2497 1646 2543 aliquando
1664 2497 1728 2531 tibi

251 2547 374 2582 referre
399 2559 465 2581 non
491 2547 612 2582 dubito
630 2562 661 2582 ι).
689 2568 734 2573 -
830 2548 900 2586 37.
926 2548 1092 2592 rarisque
1116 2548 1215 2583 deos.-
1241 2549 1347 2591 (come
1373 2546 1428 2581 nel
1455 2558 1484 2581 v.
1512 2556 1609 2590 prec.:
1636 2545 1730 2589 ayri-

251 2594 333 2629 colis
357 2594 566 2642 caelitibus»
592 2594 647 2630 chi
673 2595 765 2630 sieno
792 2595 867 2630 vedi
892 2595 982 2630 nella
1007 2597 1090 2629 nota.
1115 2595 1148 2630 al
1175 2606 1206 2629 v.
1237 2595 1288 2629 17.
1307 2615 1351 2619 —
1371 2594 1458 2629 vita:
1479 2608 1526 2622 =
1551 2592 1730 2627 hominum

249 2652 372 2686 qemcs.
400 2662 443 2668 —-
555 2644 627 2679 38.
665 2642 704 2677 L'
719 2643 838 2677 autore
875 2642 930 2676 del
967 2643 1117 2677 trattato
1161 2642 1249 2676 «De
1273 2640 1414 2676 dubiis
1452 2639 1723 2674 nominibus»

253 2689 429 2734 (Gramm.
456 2689 527 2733 lat„
554 2689 657 2731 Keil,
685 2689 726 2733 V,
752 2701 784 2734 p.
812 2689 890 2732 580,
909 2689 941 2732 3,
967 2689 1170 2725 attribuisee
1201 2690 1321 2735 questo
1347 2698 1441 2723 verso
1465 2697 1485 2722 a
1511 2686 1673 2732 Vergilio.
1700 2685 1730 2720 Il
