1883 3049
400 591 519 633 Ibitis
549 592 705 647 Aegeas
736 592 821 634 sine
852 605 929 644 me,
961 592 1149 644 Messala,
1181 605 1250 647 per
1281 592 1422 644 undas,

459 656 492 698 O
523 657 684 698 utinam
714 670 911 700 memores
941 658 1026 712 ipse
1058 659 1276 711 cohorsque
1306 658 1406 700 mei:

402 721 468 763 Me
498 722 609 763 tenet
640 722 789 777 ignotis
821 736 989 778 aegrum
1020 723 1222 765 Phaeacia
1252 723 1391 771 terris3

458 785 675 828 Abstineas
706 787 855 836 avidas,
887 788 996 829 Mors
1028 787 1144 829 modo
1174 788 1304 842 nigra,
1334 800 1491 829 manus.

318 852 342 891 5
401 850 630 902 Abstineas,
662 852 771 893 Mors
801 853 902 903 atra,
933 864 1089 906 precor:
1121 864 1198 893 non
1229 852 1296 893 hic
1327 852 1430 893 mihi
1460 853 1603 902 mater,

458 915 569 968 Quae
599 916 712 972 legat
741 917 783 958 in
814 918 986 959 maestos
1018 929 1105 959 ossa
1135 918 1299 971 perusta
1329 917 1453 966 sinus,

401 981 489 1023 Non
521 993 641 1033 soror,
673 982 860 1037 Assyrios
891 981 1017 1024 cineri
1049 995 1151 1035 quae
1183 981 1304 1024 dedat
1334 982 1471 1025 odores

335 1120 372 1153 1.
399 1117 524 1152 Ibitis.-
551 1118 640 1162 plur.
656 1118 789 1152 riferito
806 1129 826 1152 a
843 1119 992 1153 Messala
1013 1130 1104 1153 coine
1122 1130 1204 1163 capo
1221 1119 1312 1153 della
1329 1118 1531 1163 spedizione.
1557 1119 1671 1164 Verg„
1689 1119 1772 1160 En„

289 1163 352 1208 IX,
369 1164 454 1198 525:
489 1176 586 1206 «vos,
613 1177 630 1199 o
657 1165 821 1210 Calliope,
850 1177 996 1210 praecor,
1028 1166 1201 1210 adspirate
1218 1167 1403 1201 canenti».
1429 1187 1475 1191 -—
1570 1169 1609 1203 2.
1635 1167 1773 1201 utinam

288 1222 467 1247 memores.-
494 1213 633 1246 sottint.
660 1213 748 1247 eatis
773 1225 791 1246 o
816 1214 903 1248 sitis.
938 1213 1003 1248 Del
1036 1214 1138 1248 verbo
1172 1214 1305 1247 taciuto
1339 1215 1479 1248 accanto
1511 1213 1554 1247 ad
1579 1214 1718 1248 utinam
1743 1215 1772 1248 si

288 1259 403 1292 hanno
428 1259 535 1294 anche
553 1260 634 1294 altri
652 1260 802 1305 esempii.
822 1259 903 1302 Cic„
922 1262 994 1305 Ep.
1013 1262 1062 1296 ad
1076 1261 1194 1303 Fam„
1213 1261 1293 1302 XII,
1312 1261 1367 1303 25,
1390 1261 1447 1295 10:
1481 1276 1495 1292 c
1510 1272 1614 1305 quam
1632 1261 1771 1305 quidem

288 1306 439 1351 (navem)
464 1318 524 1340 nos
549 1307 672 1342 damus
690 1319 826 1352 operam
846 1310 886 1342 ut
904 1311 1031 1342 rectam
1052 1310 1245 1349 teneamus3
1273 1309 1408 1342 utinam
1427 1319 1583 1353 prospero
1599 1309 1721 1342 cursu!
1739 1322 1769 1342 κ».

289 1374 333 1378 -
359 1354 451 1398 ipse.-
478 1353 609 1388 riferito
636 1354 669 1388 al
695 1359 735 1390 tu
760 1355 955 1390 sottinteso.
985 1356 1025 1390 In
1051 1359 1181 1400 quanto
1207 1356 1328 1390 all'uso
1355 1356 1510 1399 dell'ipse
1535 1355 1569 1389 in
1587 1355 1719 1390 cambio
1735 1355 1772 1390 di

288 1412 335 1434 un
364 1412 525 1444 pronome
550 1413 567 1434 o
592 1413 691 1436 nome
723 1403 923 1447 precedente
953 1415 970 1436 O
1004 1403 1199 1445 sottintem,
1232 1403 1289 1437 cfr.
1317 1403 1391 1438 Liv.
1418 1403 1475 1445 23,
1494 1403 1556 1436 24:
1598 1402 1770 1437 «Lucium

289 1448 508 1482 Postumium
542 1449 715 1483 consulem
750 1449 982 1494 designatum,
1018 1450 1053 1484 in
1089 1450 1204 1485 Gallia
1237 1450 1351 1495 ipsum
1377 1452 1481 1494 atque
1506 1450 1693 1484 exercitum
1719 1450 1779 1495 (104

289 1495 375 1529 letos
390 1509 422 1529 ».
448 1516 489 1520 —
519 1496 643 1531 cohors
659 1511 705 1525 =
729 1511 743 1527 <1
758 1498 944 1532 comitatus
970 1497 1065 1531 (lucis
1080 1512 1094 1527 2>
1126 1518 1172 1522 -
1197 1498 1282 1532 mei.-
1312 1509 1388 1542 gen.
1407 1496 1614 1541 dipendentc
1640 1497 1683 1531 da
1708 1508 1771 1531 me-

286 1552 409 1577 mores.
437 1563 481 1567 -
578 1546 618 1580 3.
645 1544 710 1578 Me
743 1547 851 1578 tenet.-
894 1545 1120 1589 «oppositio»
1162 1544 1204 1578 ad
1237 1545 1342 1579 ibitis.
1369 1565 1413 1570 —
1439 1545 1568 1589 ignotis
1599 1544 1714 1579 terris.
1740 1544 1771 1578 Il

286 1589 439 1623 Broukh.
467 1590 687 1635 supponendo
719 1590 744 1624 il
770 1593 871 1636 poeta
902 1593 1051 1636 ospitato
1084 1592 1128 1626 da
1153 1592 1299 1636 qualche
1325 1591 1496 1626 Corcirese
1527 1591 1644 1626 scrisse
1675 1602 1775 1636 argu-

288 1638 443 1671 tamente
468 1638 597 1682 ignotis
624 1638 731 1672 tectis.
751 1659 795 1663 -
815 1642 906 1674 tenet
928 1640 1057 1683 iynotis
1083 1641 1206 1674 terris:
1240 1639 1299 1673 cfr.
1326 1639 1357 1673 le
1381 1639 1464 1673 frasi
1496 1640 1648 1683 recipere
1674 1642 1770 1679 tecto,

287 1684 398 1718 domo.
425 1704 470 1709 ——
497 1685 533 1718 Si
566 1685 721 1719 riteneva
754 1685 906 1720 infausto
932 1686 958 1720 il
992 1687 1114 1720 morire
1146 1686 1186 1720 ed
1213 1697 1321 1721 essere
1353 1687 1484 1731 sepolto
1510 1686 1545 1720 in
1571 1689 1661 1720 terre
1687 1687 1772 1720 stra-

287 1731 379 1765 niere
404 1731 444 1766 ed
479 1731 608 1775 ignote.
643 1731 713 1766 Cfr.
748 1732 858 1774 Ovid.,
889 1734 1010 1775 Trz'st„
1035 1733 1099 1775 ΙΙΙ,
1118 1734 1148 1774 3,
1169 1734 1223 1774 37,
1243 1746 1311 1778 sg·.:
1355 1748 1368 1763 α
1384 1734 1469 1767 Tam
1500 1733 1616 1776 procul
1641 1733 1771 1777 ignotis

287 1778 399 1822 igitur
423 1779 607 1813 moriemur
632 1779 667 1813 in
692 1780 770 1822 oris,
793 1780 797 1825 Ι
820 1783 855 1814 et
880 1781 964 1815 fient
989 1781 1062 1825 ipso
1088 1781 1204 1814 tristia
1230 1781 1303 1815 fata
1328 1780 1418 1815 loco!
1437 1794 1469 1815 »0
1495 1780 1558 1824 Id„
1583 1780 1676 1821 Am„
1703 1780 1769 1822 111,

287 1825 319 1866 9,
337 1825 393 1868 57,
412 1837 473 1859 ss.:
508 1826 594 1860 «sed
621 1829 738 1861 tamen
764 1827 826 1862 hoc
844 1827 966 1862 melius
989 1839 1093 1872 quam
1120 1827 1148 1861 si
1174 1828 1344 1863 Phaeacia
1369 1827 1474 1861 tellus
1496 1826 1501 1873 Ι
1523 1828 1683 1872 ignotum
1709 1828 1770 1861 vili

286 1873 521 1917 supposuisset
546 1873 679 1907 humo»
705 1895 749 1898 —
766 1875 971 1909 Phaeacia:
998 1875 1168 1909 l'omerica
1194 1876 1346 1918 Σχερίας
1372 1875 1406 1909 la
1431 1877 1524 1909 terra
1549 1875 1602 1908 dei
1628 1875 1729 1909 Feaci
1753 1876 1770 1908 e

286 1931 346 1964 per
371 1931 512 1955 comune
537 1931 696 1955 consenso
723 1922 865 1956 l'antica
891 1921 1038 1956 Corcira.
1072 1943 1117 1947 —
1273 1924 1314 1957 4.
1340 1922 1480 1956 Poetica
1505 1924 1522 1956 e
1546 1921 1771 1966 l'immagine

287 1967 379 2001 della
404 1969 514 2003 morte
539 1968 599 2002 che
625 1969 745 2003 stende
777 1969 812 2003 la
838 1980 938 2003 niano
964 1969 1055 2014 sug-li
1087 1969 1227 2003 nomini.
1255 1969 1373 2003 Anche
1406 1980 1518 2013 presso
1544 1969 1658 2014 Verg,
1683 1970 1769 2012 En„

287 2015 329 2056 X,
347 2015 424 2057 419,
453 2015 484 2048 le
511 2015 641 2050 Parche
666 2016 813 2051 iniecere
838 2028 991 2051 manum.
1031 2015 1109 2051 Cosi
1136 2028 1218 2061 pure
1245 2027 1357 2061 presso
1384 2015 1496 2057 Ovid.,
1522 2016 1616 2058 Am„
1644 2016 1710 2059 III,
1735 2016 1768 2055 9,

290 2062 347 2095 19:
382 2077 395 2093 «
411 2061 568 2096 omnibus
586 2062 745 2097 obscuras
761 2063 862 2098 inicit
887 2064 949 2098 illa
967 2064 1089 2109 (Mors)
1118 2075 1240 2098 manus
1255 2077 1286 2097 ν.
1313 2084 1358 2088 -—
1458 2066 1494 2100 5.
1522 2063 1591 2099 Cfr.
1609 2063 1663 2108 pei
1680 2063 1770 2097 versi

287 2109 355 2150 5-6,
381 2109 494 2154 Prop.,
522 2109 583 2152 IV,
603 2111 634 2152 7,
652 2110 690 2144 9:
733 2113 795 2144 «et
821 2114 932 2145 mater
957 2123 1023 2145 non
1059 2112 1153 2145 iusta
1185 2111 1261 2155 piae
1295 2110 1375 2145 dare
1407 2110 1526 2145 debita
1550 2111 1688 2156 terrae-1
1711 2121 1770 2144 nec

285 2159 365 2200 pote
391 2157 553 2201 cognatos
579 2157 670 2191 inter
695 2158 837 2192 humare
856 2170 954 2203 rogos
972 2173 1003 2192 ».
1030 2179 1074 2183 —-
1101 2158 1149 2192 La
1168 2158 1368 2202 ripetizione
1386 2158 1441 2192 nel
1459 2170 1490 2192 v.
1510 2158 1530 2192 5
1548 2157 1637 2192 delle
1654 2157 1770 2203 parole

286 2205 472 2238 contenute
498 2204 553 2238 nel
578 2216 609 2238 v.
636 2205 657 2238 4
683 2206 700 2238 e
726 2205 760 2239 la
786 2206 898 2250 figura
928 2205 1026 2240 detta
1051 2206 1279 2250 epanalepsis.
1300 2226 1345 2230 -—
1363 2209 1508 2241 moestos
1531 2205 1651 2240 sinus.-
1677 2207 1770 2239 veste

286 2250 321 2284 ‹li
348 2250 452 2285 lutto.
479 2251 640 2285 L'autore
666 2251 720 2285 del
746 2252 833 2286 libro
860 2252 925 2293 ΙΙΙ,
952 2253 994 2287 el.
1021 2253 1070 2294 ΙΙ,
1092 2253 1119 2294 1,
1139 2263 1165 2287 s.
1191 2253 1221 2287 ci
1247 2255 1376 2287 mostra
1399 2263 1490 2287 come
1515 2252 1601 2287 fosse
1626 2263 1687 2286 uso
1715 2251 1769 2286 dei

286 2298 421 2341 parenti
448 2298 632 2342 accogliere
658 2299 714 2332 nel
741 2311 821 2334 seno
847 2300 878 2334 le
904 2299 1024 2341 ceneri,
1056 2300 1228 2344 spargerle
1253 2299 1289 2334 di
1314 2300 1393 2334 vino
1410 2311 1426 2334 e
1444 2300 1544 2341 latte,
1562 2299 1648 2334 farle
1665 2299 1770 2334 asciu-

286 2356 368 2388 gare
394 2356 411 2379 e
437 2345 529 2389 dipoi
556 2346 680 2390 riporle
706 2347 876 2381 nell'urna
901 2347 1066 2381 cineraria
1092 2348 1193 2381 miste
1216 2358 1276 2381 con
1294 2347 1444 2392 profumi
1468 2348 1558 2391 (txea
1574 2346 1678 2393 (ossa)
1694 2357 1769 2381 cuni

286 2391 376 2425 foliis
409 2394 444 2426 et
478 2393 602 2426 amomi
636 2393 776 2437 pulvere
808 2395 910 2428 misce
928 2409 958 2428 ».
995 2393 1106 2435 Ovid.,
1139 2395 1259 2435 Trist„
1288 2394 1404 2438 111,3,
1423 2394 1489 2439 69).
1516 2414 1562 2420 —-
1586 2393 1767 2439 Assyrios.

285 2438 395 2472 Molto
422 2439 716 2484 frequentemente
741 2441 753 2475 i
779 2441 901 2475 Latini
926 2441 1160 2476 scambiarono
1187 2442 1197 2475 i
1223 2442 1314 2475 nomi
1341 2441 1484 2486 Assyria
1501 2452 1518 2475 e
1536 2441 1646 2486 Syria.
1683 2440 1779 2475 Vedi,

287 2485 355 2526 Or.‚
382 2496 409 2520 c.
436 2486 482 2526 ΙΙ,
505 2488 557 2529 11,
579 2488 638 2528 16;
665 2487 725 2530 IV,
745 2488 777 2529 6,
796 2488 850 2522 32.
878 2487 958 2522 Cos}
988 2489 1047 2533 qui
1066 2488 1181 2522 allude
1200 2489 1272 2533 agli
1290 2489 1462 2533 unguenti
1479 2488 1520 2523 ecl
1538 2488 1645 2522 atomi
1664 2487 1769 2522 orien-

285 2532 350 2566 tali
377 2533 437 2566 che
463 2533 518 2567 dai
544 2534 635 2578 porti
661 2535 695 2568 di
724 2535 813 2569 Sitia
838 2535 866 2569 si
900 2535 1137 2570 conducevano
1164 2547 1183 2569 a
1209 2536 1327 2576 Roma,
1361 2536 1400 2570 ed
1434 2536 1605 2581 Assyrios
1629 2537 1646 2569 e
1672 2534 1769 2569 detto

286 2591 346 2624 per
370 2580 566 2615 confusione
591 2592 651 2615 con
677 2582 810 2627 Syrios.
830 2602 875 2607 —
892 2583 1016 2617 dedat.-
1043 2583 1094 2617 La
1119 2593 1198 2617 vera
1227 2583 1346 2627 parola
1371 2583 1511 2617 sarebbe
1527 2582 1681 2625 fundat5
1706 2593 1723 2617 e
1741 2582 1769 2616 si

285 2628 303 2661 c
317 2628 454 2662 tentato
471 2627 506 2661 in
525 2628 611 2663 varii
629 2630 736 2673 tempi
754 2629 930 2664 sostituire
947 2630 1083 2671 reddat,
1098 2630 1236 2673 condat,
1251 2629 1387 2672 fundat
1403 2641 1421 2663 o
1439 2630 1549 2664 clidat.
1580 2629 1770 2664 Lasciando

286 2674 310 2708 il
335 2674 450 2717 dedat,
485 2687 556 2710 esso
590 2676 833 2722 equivarrebbe
867 2677 900 2712 al
934 2677 993 2713 det
1024 2678 1217 2713 rafforzato.
1245 2698 1290 2702 —
1316 2677 1347 2712 11
1372 2676 1553 2712 Richter
1586 2677 1683 2712 crede
1708 2687 1767 2711 con
