1883 3049
655 163 801 192 nnncln
830 163 992 200 scum-E,
1025 164 1068 191 ιν
1557 153 1609 191 43

240 241 359 284 Ν11110
390 240 441 282 ad
471 240 580 282 bella
610 239 760 290 trahor,
791 239 832 281 et
861 238 942 280 iam
975 238 1072 292 quis
1104 238 1270 281 forsitan
1301 237 1429 279 hostis

294 306 480 348 Haesura
509 305 552 347 in
581 306 716 346 nostro
745 304 829 346 tela
858 303 965 359 gerit
994 303 1133 346 latere.

130 372 181 416 15
241 370 319 414 Sed
348 370 473 425 patrii
503 370 661 413 servate
691 369 836 411 Lares:
868 367 1032 410 aluistis
1063 369 1103 410 et
1132 367 1242 410 idem

295 435 511 478 Cursarem
539 435 692 477 vestros
722 446 816 476 cum
846 434 960 476 tener
990 434 1083 475 ante
1114 431 1247 487 pedes.

239 501 331 544 Neu
360 501 512 555 pudeat
540 499 671 554 prisco
700 511 769 541 vos
800 510 884 540 esse
915 511 935 540 e
965 497 1105 552 stipite
1126 496 1273 545 factos3

299 565 366 608 Sic
395 564 543 607 veteris
573 563 685 606 sedes
715 562 945 606 incoluistis
975 562 1053 604 avi.

240 631 356 672 Tunc
385 629 534 672 melius
565 630 729 671 tenuere
759 627 895 679 fidem,
927 639 1021 668 cum
1050 637 1227 681 paupere
1257 625 1374 668 cultu

129 697 183 738 2Ο
298 694 443 737 Stabat
471 694 514 735 in
547 693 692 748 exigua
721 692 883 748 ligneus
914 690 1011 734 aede
1042 691 1152 733 deus.

126 873 221 908 Altri
245 873 385 918 esempii
402 872 456 907 del
483 871 584 907 verbo
604 871 743 912 micare,
771 871 956 916 acloperato
981 870 1018 904 in
1036 870 1088 905 tal
1105 869 1312 914 significato,
1338 868 1415 904 vedi
1443 869 1479 903 in
1498 868 1611 910 Ovid.‚

126 921 239 963 Fast„
257 921 318 962 VI,
338 920 402 964 383
428 919 540 959 Fast„
561 919 626 962 ΙΙΙ,
645 919 706 961 36;
723 918 825 960 Her„
843 918 870 961 I,
886 918 942 952 45.
958 938 1003 942 —
1098 920 1167 954 13.
1189 917 1331 952 traho'r:
1358 917 1393 950 la
1410 916 1534 950 sillaba
1551 916 1615 951 hor

127 967 269 1002 diventa
293 967 354 1013 qui
377 967 497 1012 lunga.
523 967 564 1001 V.
582 967 621 1001 L.
639 966 810 1007 Muller‚
837 965 930 999 nella
956 976 1018 999 sua
1035 964 1131 1006 ediz„
1152 964 1257 1009 praef.
1275 975 1307 1009 p.
1326 975 1427 998 xxm:
1461 978 1476 994 a
1494 963 1615 998 Brevis

126 1015 241 1049 finalis
265 1014 432 1059 producta
457 1014 493 1048 in
518 1013 715 1048 hexametro
741 1013 776 1047 vi
801 1023 958 1047 caesurae
984 1011 1267 1057 penthemimeris
1292 1011 1373 1055 (non
1388 1010 1505 1055 aliter)
1523 1010 1615 1054 apud

128 1062 307 1096 Tibullum
331 1062 502 1106 reperitur
527 1063 650 1106 quater
674 1060 716 1106 (I,
742 1060 776 1102 4,
794 1060 847 1094 27.
878 1060 931 1100 10,
953 1059 1007 1094 13.
1033 1059 1079 1100 ΙΙ,
1099 1058 1130 1099 2,
1150 1059 1181 1092 5.
1208 1058 1270 1101 IV,
1289 1059 1320 1099 2,
1340 1058 1396 1102 3):
1429 1058 1463 1102 1)
1489 1072 1503 1088 (ι
1530 1059 1568 1091 at
1586 1057 1615 1092 si

127 1109 248 1143 tardus
273 1108 343 1143 eris
367 1108 498 1143 errabis
523 1108 671 1142 transiet
696 1108 791 1141 aetas
800 1121 808 1148 3
849 1107 883 1151 2)
912 1117 1003 1141 1111110
1029 1105 1072 1140 acl
1097 1105 1190 1140 bella
1215 1105 1340 1140 trahor
1377 1107 1413 1139 et
1438 1104 1507 1139 iam
1533 1104 1611 1149 quis

126 1156 274 1191 forsitan
299 1155 408 1190 hostis
417 1169 426 1197 3
461 1155 497 1201 3)
521 1155 594 1200 ipse
620 1165 697 1189 suos
719 1154 848 1198 qenins
877 1153 970 1188 adsit
995 1153 1130 1187 visurus
1156 1153 1300 1187 honores
1314 1167 1323 1194 ;
1348 1153 1385 1197 4)
1411 1152 1474 1186 hoc
1499 1152 1616 1186 Venus

126 1204 302 1248 z'fflzoseet:
327 1204 366 1237 at
390 1204 452 1237 tu.
479 1202 644 1244 violente,
671 1203 799 1236 caveto.
826 1221 872 1225 —
896 1201 997 1235 Nihil
1022 1200 1156 1234 faciunt
1187 1199 1231 1234 ad
1256 1200 1345 1234 hanc
1378 1199 1616 1243 quaestionem

126 1261 214 1295 quae
239 1249 399 1284 mendose
425 1249 552 1294 scripta
577 1249 751 1284 habentur
776 1248 902 1293 vulgo,
929 1248 958 1289 I,
978 1248 1010 1288 4,
1033 1248 1091 1282 44.
1117 1246 1151 1290 7,
1170 1247 1224 1281 61.
1251 1246 1299 1288 ΙΙ,
1318 1247 1345 1288 I,
1365 1246 1420 1280 58.
1448 1246 1480 1288 3,
1501 1245 1554 1280 14.
1581 1247 1615 1287 4,

128 1298 184 1333 38.
211 1317 257 1322 —
281 1297 460 1338 forsitan:
485 1298 503 1331 e
528 1297 609 1331 noto
646 1296 707 1331 che
736 1296 772 1329 in
801 1306 900 1340 prosa
935 1294 1089 1336 forsitan
1114 1304 1174 1339 per
1198 1294 1233 1328 la
1258 1304 1321 1328 sua
1346 1295 1456 1327 stessa
1481 1292 1615 1337 origine

127 1344 217 1389 (fors
241 1345 289 1380 sit
312 1344 374 1389 an)
399 1344 498 1378 vuole
523 1354 654 1388 sempre
678 1343 705 1377 il
731 1342 953 1387 congiuntivo
979 1341 1172 1386 potenziale
1196 1341 1353 1386 presente
1378 1352 1396 1374 O
1420 1339 1580 1384 perfetto,
1598 1350 1616 1374 e

127 1392 156 1426 si
175 1403 236 1426 usa
254 1391 325 1426 solo
350 1391 387 1425 in
412 1391 640 1435 proposizioni
667 1389 867 1435 principali3
894 1388 1037 1424 laddove
1063 1388 1213 1430 fortasse
1238 1390 1304 1433 puo
1323 1387 1470 1422 trovarsi
1487 1387 1523 1421 in
1541 1398 1613 1432 pro-

128 1438 295 1484 posizioni
319 1439 350 1472 si
376 1438 560 1483 principali
597 1437 657 1472 che
682 1437 875 1472 secondarie
912 1447 929 1470 e
966 1447 1033 1470 non
1071 1436 1117 1469 ha
1145 1436 1318 1470 influenza
1355 1434 1409 1468 sul
1435 1434 1534 1468 modo
1560 1433 1616 1468 del

128 1485 241 1529 verbo,
266 1497 283 1520 e
307 1485 398 1527 forte
423 1486 480 1530 poi
505 1485 533 1520 si
559 1484 705 1529 adopera
731 1484 802 1518 solo
827 1483 913 1528 dopo
937 1483 977 1524 si,
1004 1483 1071 1524 sin,
1097 1483 1177 1525 nisi,
1204 1493 1256 1517 oze.
1284 1501 1328 1506 —-
1425 1484 1494 1517 14.
1521 1480 1617 1515 Hae-

127 1544 216 1568 sura
283 1532 372 1567 tela.-
389 1548 436 1562 =
453 1533 530 1574 tela,
556 1543 647 1577 qaae
671 1532 853 1574 haereant,
871 1541 889 1564 0
908 1533 949 1565 ut
974 1530 1154 1564 haereant.
1181 1549 1226 1554 --
1240 1529 1279 1563 in
1296 1532 1416 1563 nostro
1485 1528 1615 1564 latere.-

127 1580 174 1614 ha
198 1579 377 1614 nominato
402 1580 428 1614 il
454 1579 558 1621 latas,
585 1579 706 1624 perche
732 1578 775 1612 ad
792 1589 864 1612 esso
888 1576 1147 1611 icombattenti
1174 1576 1374 1621 dirigevano
1394 1575 1405 1609 i
1422 1575 1494 1609 loro
1512 1575 1612 1620 colpi,

127 1638 194 1661 non
219 1627 254 1661 al
278 1630 415 1671 pectus,
441 1627 502 1661 che
527 1637 584 1660 era
610 1627 745 1671 coperto
771 1625 863 1659 dallo
889 1624 1002 1659 scudo.
1028 1644 1074 1649 -
1174 1626 1241 1660 15.
1269 1626 1425 1658 servate:
1452 1622 1524 1657 scil.
1551 1633 1613 1657 me.

126 1694 172 1700 —-
197 1673 326 1709 Lares:
355 1673 476 1708 invoca
500 1673 513 1707 i
537 1672 631 1716 Lari,
656 1672 795 1718 giacche
821 1671 936 1716 questi
961 1673 1216 1716 proteggevano
1242 1670 1254 1704 i
1278 1669 1425 1705 membri
1448 1669 1540 1704 della
1569 1669 1616 1703 fa-

126 1720 262 1766 miglia,
287 1732 304 1755 e
328 1719 356 1754 li
379 1731 627 1766 preservavano
645 1719 702 1754 dai
719 1719 857 1764 pericoli
883 1718 938 1753 (161
954 1719 1074 1763 riaggi
1099 1729 1116 1753 0
1133 1718 1222 1752 delle
1247 1728 1379 1762 guerre.
1397 1736 1442 1741 —
1459 1720 1492 1751 et
1508 1717 1612 1751 idem:

126 1770 144 1802 6
168 1769 250 1802 noto
275 1767 336 1802 che
361 1767 498 1812 quando
523 1768 552 1802 si
576 1767 657 1802 vuol
682 1766 754 1801 dire
775 1766 935 1811 qualcosa
961 1765 996 1799 di
1014 1777 1123 1799 nuovo
1149 1765 1185 1799 di
1210 1775 1280 1799 una
1293 1775 1436 1809 persona
1454 1775 1472 1798 0
1490 1763 1525 1798 di
1544 1775 1614 1798 una

126 1826 203 1850 cosa
219 1815 278 1860 gia
294 1815 484 1856 nominata,
503 1815 531 1849 si
547 1815 622 1849 suol
639 1814 868 1859 congiungere
887 1814 1008 1857 questo
1027 1812 1209 1857 aggettivo
1227 1811 1438 1846 attributivo
1456 1823 1473 1845 0
1493 1812 1616 1856 questo

126 1861 228 1897 verbo
253 1861 428 1896 mediante
452 1865 486 1897 et
509 1862 608 1903 idem,
635 1865 741 1906 atque
759 1861 862 1902 idem,
888 1860 1068 1904 idemque:
1101 1875 1115 1890 «
1136 1859 1175 1902 Q.
1196 1858 1358 1894 Scaevola
1384 1858 1616 1903 peritissimus

128 1909 213 1944 iuris
237 1909 400 1953 idemque
424 1909 588 1953 percomis
613 1909 665 1943 est
690 1907 833 1943 habitus
862 1922 893 1942 ».
932 1927 979 1933 —
1075 1909 1142 1943 16.
1174 1906 1385 1941 Cursarem.-
1424 1905 1617 1950 frequenta-

128 1956 225 1999 tivo,
249 1955 372 1990 adatto
397 1956 519 2000 quindi
552 1955 595 1990 ad
631 1955 782 1990 indicare
818 1955 844 1989 11
879 1954 1047 1989 muoversi
1078 1953 1240 1988 continuo
1265 1953 1320 1988 dei
1345 1952 1513 1987 fanciulli.
1549 1952 1616 1987 Pisi

126 2004 219 2038 sotto
244 2002 390 2047 adopera
415 2003 543 2044 ludere,
570 2002 619 2046 ΙΙ,
645 2003 681 2044 2,
717 2003 780 2044 22,
807 2001 973 2046 parlando
1000 2001 1054 2036 dei
1080 2001 1237 2036 fanciulli
1262 2000 1323 2035 che
1349 2000 1532 2034 scherzano
1566 1999 1614 2034 in-

127 2050 229 2085 nanzi
254 2050 506 2095 all'immagine
530 2049 584 2085 del
613 2049 749 2085 Genius
773 2050 918 2085 Natalis
944 2049 980 2093 («
1006 2048 1122 2083 Ludat
1148 2050 1182 2082 et
1208 2049 1289 2082 ante
1315 2048 1393 2081 tuos
1420 2046 1525 2081 turba
1559 2058 1614 2081 no-

127 2097 218 2132 vella
243 2097 344 2142 pedes
363 2097 408 2142 »).
434 2117 480 2122 —
576 2097 642 2135 17.
668 2097 835 2141 estz'pite:
862 2098 879 2130 6
904 2098 985 2130 noto
1011 2095 1071 2130 che
1089 2095 1121 2130 le
1137 2094 1321 2140 iinmagini
1345 2094 1400 2129 (161
1418 2093 1497 2129 Lari
1512 2105 1615 2128 erano

127 2145 271 2189 scolpite
293 2144 330 2178 in
355 2144 468 2189 legno,
493 2155 510 2178 e
536 2145 681 2179 stavano
705 2144 741 2178 in
768 2155 814 2178 un
833 2143 989 2188 apposito
1013 2143 1127 2187 luogo,
1154 2142 1251 2177 detto
1270 2141 1478 2182 Lararium,
1505 2141 1617 2175 vicino

127 2192 162 2226 al
186 2191 341 2227 focolare.
367 2211 413 2216 ——
437 2192 573 2233 factos:
611 2191 793 2236 participio
818 2201 880 2225 con
913 2188 1071 2224 funzione
1096 2190 1132 2224 di
1165 2189 1364 2234 aggettivo;
1391 2187 1513 2233 quindi
1544 2199 1616 2223 esse

127 2238 240 2281 factos
264 2249 332 2272 non
357 2238 386 2272 si
404 2238 521 2283 spiega
546 2238 598 2272 001
623 2237 780 2283 perfetto,
807 2249 863 2272 ina
889 2237 940 2272 001
971 2239 1139 2282 presente.
1165 2257 1211 2262 -—
1307 2238 1374 2272 18.
1401 2235 1470 2270 sic.-
1495 2251 1542 2265 =
1567 2236 1617 2270 sic

127 2285 225 2328 faeti.
250 2305 298 2311 —
322 2285 418 2320 sedes
442 2285 662 2320 incoluistis:
688 2286 705 2319 6
730 2286 811 2319 noto
841 2284 902 2319 che
927 2284 954 2319 il
979 2295 1078 2318 nome
1104 2284 1311 2329 esprimente
1336 2282 1567 2324 l'abitazione‚
1587 2282 1616 2316 si

127 2344 215 2378 pone
240 2332 519 2367 nell’accusativo
545 2343 606 2366 con
631 2332 643 2366 i
668 2332 762 2367 verbi
788 2331 896 2367 colere
921 2343 939 2366 e
964 2331 1123 2374 incolere,
1150 2330 1386 2365 nell'ablativo
1411 2331 1503 2364 retto
1521 2329 1564 2364 da
1577 2329 1617 2364 in

127 2379 179 2414 col
204 2379 306 2414 verbo
331 2379 493 2414 habitare
517 2378 659 2424 (benche
677 2378 807 2422 Servio,
832 2379 895 2413 Ad
911 2378 969 2413 ecl.
994 2379 1110 2422 Very„
1137 2378 1185 2421 ΙΙ,
1203 2378 1258 2419 29,
1285 2378 1446 2421 sostenga
1472 2376 1533 2411 0116
1557 2377 1616 2411 ha-

130 2427 252 2469 bz'tare,
278 2437 371 2461 come
395 2425 650 2471 frequentativo
675 2426 711 2460 di
735 2427 855 2468 habeo,
882 2425 991 2461 debba
1008 2425 1302 2470 preferibilmente
1328 2424 1438 2458 usarsi
1464 2435 1524 2458 con
1541 2423 1617 2458 l‘ac-

127 2473 306 2520 cusativo).
333 2493 378 2499 —
474 2476 544 2510 19.
571 2476 709 2508 tenuere
732 2473 854 2516 fidem.-
893 2473 966 2507 scil.
994 2473 1161 2508 homines.
1200 2472 1318 2517 Heyne
1344 2482 1502 2516 suppose:
1542 2471 1614 2512 dii,

127 2520 198 2555 cioe
221 2520 347 2563 Lares,
372 2531 390 2555 e
415 2520 533 2565 spiega
556 2520 584 2558 11
610 2530 705 2554 verso
724 2520 782 2555 19:
816 2535 830 2551 «
848 2520 989 2555 Inversa
1014 2520 1123 2555 oratio
1149 2530 1219 2565 pr0,
1246 2529 1304 2554 vos
1331 2518 1544 2554 tenuistis».
1571 2537 1617 2543 —-

121 2577 283 2612 paupere
315 2568 434 2603 cultu:
479 2582 494 2599 «
523 2566 622 2612 quasi
649 2578 749 2602 senza
774 2567 968 2602 ornamenti
999 2581 1030 2601 ».
1058 2587 1103 2592 —-
1199 2568 1270 2603 20.
1297 2566 1336 2600 in
1353 2566 1483 2610 exiyua
1509 2565 1612 2600 aede:

126 2613 400 2658 probabilmente
433 2630 480 2644 =
508 2615 547 2649 in
571 2614 664 2650 atrio
682 2625 819 2658 parvo,
858 2614 998 2659 giacche
1023 2613 1203 2648 nell'atrio
1229 2615 1329 2649 stava
1353 2613 1380 2647 il
1405 2612 1614 2647 Lararz'um.

127 2660 298 2698 Potrebbe
322 2661 430 2698 anche
456 2661 630 2708 prendersi
655 2661 756 2697 aedes
785 2672 843 2706 per
870 2662 968 2696 tutta
993 2661 1027 2695 la
1060 2661 1207 2705 domus3
1241 2660 1362 2706 Heyne
1391 2659 1474 2695 ebbe
1509 2659 1535 2694 il
1568 2670 1616 2694 so-
