1883 3049
264 165 315 204 54
847 178 964 207 Annio
992 179 1162 208 'rrssunno

376 252 456 294 Vos
488 265 646 306 quoque
677 253 814 295 abesse
844 255 985 308 procul
1016 255 1147 306 iubeo,
1180 255 1361 298 discedat
1392 257 1441 298 ab
1472 253 1553 298 aris

433 317 509 359 Cui
540 318 640 359 tulit
668 318 855 360 hesterna
884 319 1036 374 gaudia
1066 320 1180 362 nocte
1211 320 1361 362 Venus.

376 382 496 424 Casta
525 382 688 436 placent
718 384 896 437 superis:
926 398 1029 438 pura
1059 397 1153 426 cum
1184 386 1293 427 veste
1323 386 1455 428 venite

431 447 484 489 Et
514 448 702 490 manibus
731 448 845 502 puris
875 449 1024 491 sumite
1055 449 1176 492 fontis
1207 463 1369 504 aquam.

265 512 314 552 15
375 510 535 554 Gemite
566 512 768 568 fulgentes
801 515 846 555 ut
876 516 942 556 eat
971 527 1081 557 sacer
1111 527 1241 571 agnus
1272 515 1322 557 ad
1353 529 1442 558 aras

430 577 659 632 Vinctaque
689 580 780 632 post
808 579 896 621 olea
926 579 1097 622 candida
1128 582 1250 623 turba
1280 594 1424 623 comas.

374 642 427 683 Di
459 643 594 696 patrii,
626 656 849 699 purgamus
880 657 1007 700 agros,
1039 658 1263 701 purgamus
1284 647 1461 702 agrestes

261 796 476 841 imposuisse,
502 798 571 832 0100
595 798 725 833 audeat
758 799 944 843 imponere.
978 801 1192 844 Imposuz'sse
1225 802 1242 835 0
1275 801 1422 845 perfetto
1448 801 1616 845 aoristico,
1641 803 1742 836 usato

259 855 370 887 spesso
396 844 453 878 dai
479 845 580 889 poeti.
609 846 722 889 Verg„
747 846 834 888 En„
853 847 895 888 X,
918 847 975 881 14:
1010 862 1023 878 ε(
1038 848 1126 881 Tum
1156 850 1286 882 certare
1311 848 1398 882 odiis
1415 850 1493 883 tum
1510 859 1562 883 res
1579 850 1742 893 rapuisse

259 891 421 926 licebit».
449 911 494 916 —
590 896 655 929 11.
691 892 760 928 Vos
792 904 951 938 quoque.-
988 894 1116 929 benche
1149 895 1173 928 il
1200 895 1425 929 Wunder-licii
1457 895 1608 931 riferisca
1633 896 1659 930 il
1683 907 1742 931 vos

257 938 328 972 alla
354 938 514 981 lanificae
538 940 710 982 mulieres,
737 940 871 975 sembra
896 942 1053 976 tuttavia
1079 942 1217 986 miglior
1242 942 1407 987 consiglio
1432 942 1577 977 riferirlo
1594 954 1615 977 a
1631 944 1740 978 coloro

258 996 277 1019 a
303 985 358 1019 cui
384 986 466 1021 tulit
490 986 653 1022 hesterna
674 988 814 1033 gaudia
839 992 936 1023 nocte
969 988 1097 1024 Venus.
1124 989 1176 1023 Ne
1201 989 1244 1023 ad
1270 990 1497 1034 interpretare
1514 990 1623 1024 005111
1642 1002 1740 1035 passo

258 1032 287 1065 ci
313 1032 396 1067 deve
420 1033 492 1068 fare
517 1034 665 1068 ostacolo
690 1035 716 1068 il
742 1036 924 1080 passaggio
951 1036 1008 1070 dal
1034 1036 1168 1081 plurale
1185 1037 1220 1070 al
1237 1037 1423 1081 singolare:
1449 1048 1508 1072 vos
1525 1038 1625 1072 iubeo
1691 1038 1740 1072 de*-

257 1080 382 1114 seeclat.
411 1080 537 1122 Questo
565 1082 747 1126 passaggio
773 1094 839 1116 non
858 1085 874 1116 0
893 1094 994 1117 senza
1012 1084 1162 1128 energia,
1192 1083 1232 1118 ed
1250 1084 1295 1118 ha
1312 1084 1367 1118 del
1385 1085 1476 1118 resto
1492 1085 1585 1129 degli
1602 1085 1738 1129 esempi,

258 1138 348 1160 come
374 1127 402 1169 I,
428 1128 526 1170 6,39:
553 1128 670 1163 «Tum
696 1130 814 1174 procul
839 1129 973 1172 absitis,
1008 1131 1164 1175 quisquis
1190 1131 1273 1165 colit
1306 1133 1379 1165 arte
1397 1132 1547 1175 capillos,
1571 1133 1576 1177 Ι
1599 1133 1634 1166 01
1659 1132 1738 1166 fluit

257 1174 363 1208 effuso
388 1175 443 1209 cui
469 1176 551 1219 toga
577 1176 655 1210 laxa
680 1177 803 1211 sinu».
831 1197 875 1202 ——
987 1180 1057 1214 13.
1079 1189 1178 1222 pura
1203 1189 1282 1212 cum
1309 1182 1407 1213 veste.
1434 1178 1521 1213 Vedi
1546 1179 1574 1220 I,
1603 1178 1655 1220 10,
1682 1179 1738 1213 27.

256 1221 324 1254 Dal
349 1221 493 1256 candore
518 1222 608 1257 della
634 1225 727 1258 veste
753 1224 781 1257 si
807 1224 940 1259 01110100
966 1224 1121 1260 candida
1145 1226 1178 1259 la
1196 1225 1299 1259 turba
1317 1225 1372 1259 dei
1389 1225 1504 1260 devoti
1529 1225 1597 1270 (dei
1629 1226 1740 1260 «socii

256 1271 425 1303 ovantes»
459 1270 572 1314 Verg,
602 1270 656 1311 G„
684 1271 710 1312 Ι,
738 1271 832 1317 346).
859 1292 903 1296 —
1000 1275 1069 1309 14.
1102 1273 1228 1316 puris.-
1247 1272 1403 1317 prolessi;
1424 1273 1564 1318 81000110
1589 1273 1739 1317 l'espres-

257 1315 349 1349 sione
373 1316 531 1361 equivale
557 1317 723 1352 all'altra:
759 1319 912 1353 «sumite
939 1330 1064 1364 aquam
1091 1319 1248 1354 manibus
1274 1322 1314 1353 ut
1340 1331 1445 1364 purae
1470 1320 1602 1354 fiantrss.
1629 1320 1739 1355 Prefe-

256 1363 335 1397 rirei
355 1365 455 1407 puri,
480 1364 613 1398 riferito
639 1376 658 1399 a
682 1365 802 1408 fontis,
829 1366 935 1401 anche
968 1367 1090 1411 perche
1110 1378 1226 1411 puras
1257 1377 1396 1402 servare
1422 1378 1549 1402 manus
1574 1366 1738 1412 (Lucano,

255 1409 334 1450 VII,
361 1410 444 1456 487)
470 1411 499 1445 si
525 1411 597 1446 dice
622 1411 657 1446 di
683 1412 772 1446 colui
798 1413 858 1447 che
884 1425 950 1447 non
977 1414 1022 1448 ha
1048 1415 1159 1449 ucciso
1184 1425 1340 1457 nessuno,
1370 1415 1395 1448 il
1413 1414 1473 1449 che
1491 1426 1558 1449 non
1576 1413 1739 1459 potrebbe

254 1456 340 1491 dirsi
365 1458 421 1492 nel
446 1460 562 1493 nostro
587 1469 673 1493 caso.
701 1480 746 1484 —
842 1463 911 1497 15.
942 1461 991 1495 La
1018 1461 1159 1496 vittima
1185 1463 1202 1496 0
1228 1463 1322 1496 stata
1346 1463 1486 1506 portata
1510 1463 1563 1496 tre
1581 1461 1673 1496 volte
1690 1462 1738 1496 in-

256 1506 353 1538 torno
379 1505 411 1539 ai
438 1506 548 1550 campi
574 1505 702 1551 (Verg,
722 1507 777 1550 G„
804 1507 832 1549 Ι,
859 1508 944 1542 345:
979 1523 993 1539 <z
1009 1510 1128 1553 terque
1154 1520 1258 1543 novas
1284 1508 1411 1543 circum
1437 1508 1517 1543 felix
1542 1510 1599 1543 eat
1623 1508 1738 1543 hostia

254 1551 369 1596 fruges
384 1553 430 1597 »)‚
455 1563 472 1586 e
497 1553 553 1598 poi
579 1553 655 1588 vien
681 1556 820 1598 portata
845 1555 977 1589 all'ara.
1004 1555 1063 1589 Ma
1080 1555 1291 1590 nell'andare
1307 1556 1430 1590 all'ara
1446 1556 1480 1590 la
1496 1556 1638 1591 vittima
1655 1556 1738 1591 deve

254 1598 424 1634 sembrare
441 1600 501 1634 che
520 1601 553 1634 vi
571 1600 658 1635 vada
675 1604 982 1646 spontaneamente
999 1613 1016 1637 e
1035 1614 1134 1637 senza
1151 1603 1344 1637 riluttanza
1360 1603 1484 1648 (percio
1498 1604 1576 1648 eat),
1599 1603 1738 1648 giacche

254 1657 322 1680 11110
348 1647 490 1681 vittima
514 1647 704 1682 riluttante
728 1660 796 1683 non
821 1651 838 1684 0
864 1649 988 1684 adatta
1014 1650 1047 1684 al
1073 1650 1254 1695 sagrifizio.
1285 1650 1351 1685 Per
1379 1650 1450 1685 fare
1475 1650 1535 1692 010,
1562 1650 1591 1684 51
1616 1650 1738 1685 rallen-

253 1695 336 1727 tava
361 1705 379 1727 o
405 1694 433 1728 si
459 1694 642 1740 scioglieva
671 1695 705 1729 la
730 1696 810 1730 fune
841 1708 901 1730 con
927 1697 981 1731 cui
1006 1708 1107 1731 erano
1133 1697 1313 1739 condotte5
1348 1697 1405 1732 cfr.
1434 1698 1526 1732 Serv.
1553 1697 1597 1732 ad
1622 1697 1736 1742 Verg„

252 1740 340 1783 En„
366 1741 412 1784 II,
442 1742 524 1776 133:
558 1742 720 1777 «solutae
745 1745 828 1777 sunt
853 1743 1005 1785 hostiae;
1038 1755 1118 1778 nam
1148 1744 1324 1788 piaculum
1350 1746 1402 1779 est
1427 1745 1462 1778 in
1489 1744 1652 1779 sacrificio
1677 1745 1737 1779 011-

252 1787 336 1832 quid
361 1799 433 1822 esse
457 1789 689 1834 religatum».
728 1790 868 1825 Doveva
905 1791 1199 1836 accompagnafla,
1226 1791 1367 1826 secondo
1393 1792 1418 1825 il
1444 1794 1608 1834 costume,
1631 1791 1666 1826 la
1691 1791 1736 1825 fa-

252 1834 374 1879 miglia
399 1835 435 1869 di
460 1836 515 1870 0111
552 1836 729 1871 celebrava
753 1838 778 1871 11
804 1838 981 1880 sacrifizio,
1019 1838 1113 1873 cinta
1138 1838 1164 1872 il
1190 1849 1271 1883 capo
1301 1838 1337 1872 di
1374 1839 1457 1873 serti
1494 1838 1529 1873 di
1562 1838 1664 1873 oliva.
1691 1859 1735 1863 --

251 1892 384 1926 aquus.-
410 1882 492 1917 offre
517 1883 572 1928 poi
599 1895 645 1918 un
670 1885 806 1929 agnello
833 1896 849 1919 e
875 1897 941 1919 non
968 1896 1036 1920 una
1062 1885 1193 1926 vitella,
1228 1897 1286 1930 per
1312 1886 1343 1920 le
1369 1885 1520 1921 modeste
1546 1885 1735 1920 condizioni

250 1929 402 1972 presenti
440 1929 532 1964 della
569 1942 630 1966 sua
668 1932 842 1976 proprieta
877 1933 1001 1975 rurale,
1040 1943 1132 1967 00100
1161 1933 1315 1968 dichiara
1340 1933 1376 1967 in
1402 1933 1431 1976 I,
1460 1933 1490 1975 1,
1516 1932 1576 1967 21:
1611 1933 1735 1967 «Tunc

251 1976 363 2010 vitula
389 1977 584 2014 innumeros
617 1979 792 2014 lustrabat
826 1991 922 2015 caesa
952 1980 1130 2015 iuvencos:
1155 1980 1159 2025 Ι
1182 1991 1273 2015 nunc
1288 1991 1380 2024 agna
1405 1980 1519 2025 exigui
1542 1981 1596 2014 est
1620 1980 1734 2014 hostia

251 2034 357 2067 parva
384 2024 492 2060 soli».
530 2025 688 2071 L'ayuus
725 2028 784 2072 qui
817 2029 834 2062 0
859 2027 957 2062 detto
994 2038 1101 2070 sacer,
1141 2027 1261 2072 perche
1299 2027 1362 2062 cleo
1398 2028 1465 2063 rite
1501 2030 1732 2063 consecratus.

249 2070 404 2115 (81000110
429 2073 446 2106 0
472 2075 554 2107 nota
578 2073 613 2108 la
651 2073 835 2109 differenza
873 2076 928 2109 tra
964 2086 1063 2110 sacer
1088 2086 1104 2109 e
1129 2079 1291 2110 sanctus.-
1319 2074 1645 2116 saeerz-dz‘vz'uus,
1671 2074 1734 2109 deo

250 2118 408 2162 cle·cacus;
433 2124 576 2155 sanctus
597 2137 644 2151 =
661 2121 901 2167 incorruptus,
926 2122 1177 2158 iuviolabiliter
1202 2122 1381 2166 statutus).
1408 2142 1454 2147 —
1548 2124 1617 2158 16.
1652 2122 1734 2156 Viu-

249 2169 373 2211 etaque
399 2167 473 2202 olea
492 2183 537 2197 =
555 2168 745 2214 oleayz'nez's
768 2170 870 2205 sertis
894 2173 1073 2205 coronata.
1094 2190 1139 2194 --
1157 2169 1338 2204 Preferirei
1363 2169 1556 2213 cinctaque.
1574 2172 1732 2216 —gposn

250 2213 336 2247 cioe:
358 2217 442 2258 post
465 2226 599 2260 ayuum
612 2236 657 2241 ——
671 2217 829 2251 candida
856 2217 977 2251 turba:
998 2217 1033 2251 la
1053 2216 1154 2251 turba
1174 2217 1315 2261 seguiva
1333 2217 1366 2251 la
1384 2216 1537 2260 vittima,
1555 2216 1682 2251 vestita
1698 2215 1734 2250 (11

249 2259 389 2295 bianchi
415 2261 513 2296 abiti.
540 2263 658 2298 Anche
684 2263 848 2308 Vergilio,
878 2264 1019 2309 Cr'eory.5
1044 2263 1072 2307 I,
1098 2263 1177 2305 346,
1204 2263 1344 2298 nomina
1370 2263 1396 2297 il
1422 2274 1496 2298 coro
1521 2263 1582 2299 che
1608 2274 1732 2298 accom-

249 2318 364 2352 pagna
389 2308 423 2342 la
449 2309 591 2344 vittima
628 2311 702 2345 sino
729 2311 788 2345 all‘
802 2311 931 2346 altare:
966 2327 979 2343 α
998 2311 1152 2356 (hostia),
1180 2311 1290 2345 omnis
1316 2321 1420 2355 quam
1445 2311 1567 2346 chorus
1592 2313 1627 2345 et
1652 2310 1734 2344 socii

248 2355 458 2389 comitentur
482 2359 624 2392 ovantes
639 2372 653 2388 2>
686 2358 829 2403 (chorus
854 2362 887 2393 et
909 2359 1005 2400 socii,
1030 2358 1232 2402 endiacli5
1253 2374 1287 2387 =
1310 2358 1438 2393 chorus
1462 2357 1660 2403 sociorum).
1686 2377 1732 2382 -—

248 2401 316 2438 17.
343 2403 397 2436 Da·
416 2404 550 2446 patrii.-
575 2416 655 2439 sono
680 2405 833 2440 invocati
858 2417 925 2439 non
950 2405 1021 2439 solo
1050 2405 1170 2441 Cerere
1196 2417 1212 2440 e
1239 2405 1358 2447 Bacco,
1384 2416 1440 2439 ma
1458 2405 1548 2439 tutti
1572 2404 1623 2449 gli
1648 2404 1731 2439 altri

249 2448 303 2482 (101
329 2450 513 2493 protettori
539 2451 594 2485 del
620 2463 679 2486 suo
705 2452 817 2494 fondo,
843 2452 934 2487 tutti
958 2452 1009 2497 gli
1035 2452 1089 2487 dei
1117 2452 1179 2487 0110
1204 2453 1371 2487 venivano
1394 2452 1528 2487 adorati
1553 2451 1659 2486 anche
1673 2450 1731 2486 dai

249 2495 322 2529 suoi
349 2496 446 2540 padri
474 2497 486 2541 (
495 2513 509 2529 ‹<
523 2498 612 2532 ritus
639 2501 679 2533 ut
704 2510 724 2533 a
749 2500 860 2544 prisco
886 2499 1038 2534 traditus
1064 2501 1179 2534 exstat
1195 2510 1258 2534 avo
1273 2514 1287 2530 ν
1320 2511 1351 2534 v.
1370 2499 1416 2545 2).
1442 2499 1471 2534 F
1474 2509 1546 2533 orse
1562 2509 1642 2532 sono
1660 2509 1731 2543 spe-

248 2542 432 2577 cialmente
457 2543 602 2579 indicati
627 2546 639 2580 1
664 2546 799 2587 Penati,
837 2547 1023 2590 protettori
1059 2546 1150 2582 della
1176 2545 1344 2591 famiglia‚
1377 2545 1418 2581 ed
1443 2545 1455 2580 i
1480 2545 1562 2580 Lari
1587 2545 1728 2590 agresti,

248 2589 309 2624 che
334 2590 403 2634 egli
429 2602 511 2634 pure
536 2591 671 2627 chiama
691 2594 808 2637 patrii
829 2593 865 2627 in
892 2593 919 2636 Ι,
949 2593 1002 2635 10,
1031 2593 1085 2636 15,
1110 2605 1127 2628 e
1152 2592 1286 2628 chiama
1303 2593 1461 2628 custodes
1478 2592 1533 2627 del
1551 2603 1612 2626 suo
1628 2591 1729 2626 fondo

247 2637 282 2670 in
309 2636 336 2679 I,
368 2638 396 2679 1,
426 2638 478 2681 19,
505 2639 559 2673 cui
585 2639 716 2674 celebra
742 2640 773 2675 10
799 2640 884 2674 feste
910 2651 968 2685 per
994 2641 1028 2675 10
1052 2640 1242 2685 prosperita
1267 2639 1322 2674 del
1347 2651 1407 2674 suo
1435 2638 1536 2673 fondo
1561 2638 1603 2682 (Ι,
1623 2638 1653 2679 1,
1672 2639 1727 2674 23:

255 2682 386 2729 «Agna
410 2685 507 2720 cadet
542 2686 648 2731 vobis,
682 2698 786 2732 quam
821 2687 947 2722 circum
981 2688 1108 2723 rustica
1142 2686 1248 2733 pubes
1270 2687 1276 2732 Ι
1298 2685 1450 2721 Clamet:
1476 2685 1518 2729 io,
1544 2696 1669 2720 messes
1693 2687 1728 2720 01
