1883 3049
711 149 855 178 amem
885 149 1047 187 SCELTE,
1081 150 1110 176 11
1610 138 1659 177 17

280 228 314 271 Ο
345 227 530 282 quotiens
559 226 765 282 ingressus
794 225 874 268 iter
903 225 1008 267 mihi
1038 224 1176 267 tristia
1205 225 1289 266 dixi

169 295 223 336 20
338 292 546 335 Offensum
572 291 615 333 in
645 291 760 346 porta
791 290 908 346 signa
938 289 1094 333 dedisse
1125 289 1292 345 pedem!

281 357 444 400 Audeat
472 357 601 399 invito
629 356 774 410 nequis
803 355 1008 398 discedere
1038 355 1199 407 Amore,

336 422 423 464 Aut
453 422 556 465 sciat
585 434 791 478 egressum
822 433 862 464 se
894 421 1132 476 prohibente
1163 420 1259 463 deo!

283 487 392 540 Quid
422 488 494 529 tua
524 500 631 529 nunc
662 487 738 529 Isis
769 486 886 538 mihi,
917 485 1050 537 Delia,
1082 485 1181 540 quid
1211 485 1315 527 mihi
1346 486 1514 540 prosunt

338 552 418 594 Illa
448 553 520 594 tua
549 552 698 595 totiens
729 564 822 594 aera
851 551 1015 606 repulsa
1046 563 1184 602 manu,

168 677 280 719 Ovid.,
299 677 346 712 A.
365 688 446 720 am,
470 676 497 718 Ι,
518 677 581 717 76;
607 676 635 719 Ι,
653 676 741 717 415;
767 675 866 711 Rem.
886 685 964 715 am„
990 673 1050 716 223
1071 674 1224 716 Gioven.,
1246 673 1299 715 14,
1318 673 1363 709 96
1389 684 1453 709 000.
1479 673 1533 708 Ne
1550 673 1656 709 faccia

166 724 370 769 meraviglia
394 724 427 758 lo
452 722 602 758 scambio
627 723 682 757 del
708 723 764 757 dio
789 722 844 757 dei
870 721 995 757 Giudei
1022 733 1082 756 con
1108 721 1259 756 Saturno
1284 721 1391 767 (corne
1408 722 1442 756 la
1460 721 1656 756 confusione

166 772 227 806 che
251 771 281 805 si
298 782 413 816 scorge
429 771 622 814 nell'eleqz'a
639 769 707 805 VII
725 772 780 803 tra
798 768 933 804 Osiride
951 780 968 804 e
985 769 1108 815 Bacco)
1118 783 1126 810 3
1158 769 1193 803 13
1211 769 1439 814 somiglianza
1456 768 1492 803 di
1509 769 1656 814 qualche

165 818 339 853 attributo
365 817 636 863 predominante,
662 828 679 852 e
704 817 986 851 l'attaceamento
1018 816 1086 850 alle
1114 816 1248 861 proprie
1274 816 1460 850 tradizioni
1486 815 1655 861 religiose,

165 868 266 910 porta
291 877 311 900 a
336 865 389 899 far
414 864 532 899 vedere
558 865 764 910 raffigurata
790 864 824 898 la
850 863 987 908 propria
1021 863 1183 907 divinita,
1207 865 1299 897 sotto
1325 875 1424 898 nome
1449 863 1593 904 diverso,
1620 863 1655 897 in

165 913 307 947 lontane
332 912 513 954 eoum-adm
531 923 549 946 e
566 912 620 947 del
638 914 728 946 resto
747 911 1045 946 l'identificazione
1063 911 1118 945 del
1135 910 1190 945 dio
1208 910 1262 945 dei
1282 910 1406 946 Giudei
1424 921 1484 945 con
1504 911 1655 945 Saturno

165 960 353 994 diventava
390 960 498 994 ormai
535 959 705 1005 popolare,
744 969 837 993 come
872 958 899 992 si
925 960 992 1002 pub
1018 968 1171 1003 scorgere
1208 957 1266 992 dal
1303 960 1468 1003 seguente
1493 958 1595 1003 luogo
1621 958 1657 992 di

166 1007 299 1051 Tacito,
324 1007 433 1049 Hist„
461 1007 501 1050 V,
527 1009 568 1041 4:
607 1006 789 1051 «Septimo
815 1005 869 1039 die
902 1006 1011 1040 otium
1038 1005 1207 1050 placuisse
1235 1005 1352 1039 ferunt
1380 1005 1546 1051 (Judaei)‚
1573 1005 1656 1050 quia

164 1055 193 1088 is
218 1054 322 1089 finem
348 1054 506 1089 laborum
532 1054 676 1095 tulerit;
703 1053 779 1088 dein
806 1052 1006 1087 blandiente
1023 1052 1150 1087 inertia
1167 1052 1353 1097 septimum
1374 1063 1506 1097 quoque
1525 1063 1655 1086 annum

164 1101 325 1146 ignaviae
352 1101 485 1136 datum.
512 1100 584 1135 Alii
609 1101 770 1135 honorem
802 1111 878 1135 eum
899 1100 1048 1135 Saturno
1066 1099 1196 1140 haberi,
1215 1110 1273 1134 seu
1293 1100 1462 1144 principia
1479 1100 1656 1144 religionis

165 1148 386 1184 tradentibus
411 1148 534 1190 Idaeis,
561 1160 646 1194 quos
671 1159 748 1183 cum
776 1148 924 1182 Saturno
957 1148 1073 1192 pulsos
1111 1150 1146 1182 et
1185 1146 1376 1181 conditores
1413 1147 1529 1192 gentis
1567 1157 1655 1181 acce-

164 1196 289 1241 pimus,
313 1207 372 1231 seu
398 1196 490 1241 quod
516 1196 558 1230 de
583 1197 713 1241 septem
754 1195 934 1235 sideribus,
973 1195 1049 1240 quis
1075 1194 1239 1228 mortales
1276 1205 1329 1229 res
1354 1195 1534 1239 reguntur,
1561 1194 1656 1228 altis-

163 1243 249 1278 simo
275 1243 354 1278 orbe
379 1246 415 1277 et
441 1243 623 1289 praecipua
658 1243 815 1286 potentia
849 1242 951 1276 stella
986 1242 1129 1277 Saturni
1159 1242 1337 1276 feratur».
1363 1262 1409 1267 —
1436 1242 1585 1276 tenuisse
1610 1257 1657 1271 =

163 1290 364 1326 detinuisse.
383 1311 428 1316 -—-
499 1294 572 1329 20.
603 1290 784 1333 Offensum
796 1290 940 1334 pedem:
958 1290 1048 1324 nelle
1066 1289 1307 1334 superstizioni
1325 1289 1380 1323 del
1398 1289 1530 1334 popolo,
1549 1289 1656 1322 l'urto

165 1337 220 1372 del
240 1338 336 1383 piede
355 1349 411 1372 era
428 1337 463 1372 di
481 1338 613 1372 cattivo
630 1337 794 1382 augurio3
814 1337 873 1372 cfr.
894 1336 1005 1377 Ovid.,
1025 1337 1127 1378 Met„
1146 1336 1190 1379 X,
1204 1336 1292 1370 452:
1328 1352 1341 1367 (ι
1356 1338 1409 1370 ter
1426 1335 1521 1380 pedis
1538 1335 1655 1370 offensi

162 1385 260 1429 signo
285 1388 338 1420 est
363 1387 522 1419 revocata
539 1399 570 1420 ».
598 1385 696 1419 Bada
721 1384 782 1419 che
808 1395 900 1419 come
926 1384 1009 1418 nell'
1023 1385 1208 1429 apportato
1233 1383 1336 1428 luogo
1363 1383 1398 1418 di
1425 1383 1558 1425 Ovidio,
1585 1384 1655 1418 cosi

162 1432 218 1467 nel
243 1433 346 1478 luogo
372 1432 407 1466 di
433 1432 584 1474 Tibullo,
616 1432 771 1475 offensus
796 1433 813 1466 ὲ
838 1433 937 1476 posto
966 1432 1251 1474 assolutamente,
1288 1442 1388 1465 senza
1413 1431 1596 1476 esprimere
1622 1430 1657 1464 13

163 1491 218 1514 res
243 1480 282 1514 in
306 1490 416 1524 quam
436 1490 501 1524 pes
525 1480 681 1523 offendit,
720 1478 861 1523 giacche
900 1479 938 1513 in
957 1483 1078 1523 porta,
1109 1478 1189 1520 abl„
1216 1477 1330 1513 indica
1356 1479 1381 1512 il
1407 1478 1509 1523 luogo
1535 1489 1596 1512 ove
1621 1478 1656 1512 la

163 1537 241 1561 cosa
279 1527 421 1561 avviene
460 1526 780 1571 (Wunderlich).
807 1547 852 1551 -—
949 1529 1020 1564 22.
1045 1526 1165 1562 Scz'ac:
1202 1537 1270 1559 non
1309 1537 1369 1560 con
1400 1526 1595 1570 significato
1621 1524 1657 1558 di

161 1574 290 1615 futuro,
329 1585 422 1609 come
459 1574 623 1609 vorrebbe
660 1574 686 1608 il
711 1573 947 1616 Wunderlieh,
987 1585 1043 1607 ma
1076 1574 1192 1608 invece
1218 1572 1253 1607 di
1277 1573 1375 1608 seito.
1403 1572 1470 1615 Qui
1494 1574 1584 1608 scire
1610 1588 1657 1602 =

160 1632 374 1666 coynoseere,
402 1621 547 1666 discere,
578 1632 670 1656 come
706 1621 742 1655 in
768 1621 883 1666 Verg„
909 1621 996 1664 En„
1022 1621 1050 1662 I,
1069 1621 1137 1655 692
1172 1619 1294 1665 (anche
1329 1620 1364 1654 in
1391 1631 1489 1664 greco
1514 1621 1584 1657 ἴσθι
1610 1636 1656 1650 =

160 1679 344 1713 coynosee5
382 1668 531 1710 Sofocle,
568 1669 691 1710 Elett„
729 1668 794 1710 4o;
832 1668 872 1702 ed
910 1668 946 1702 in
983 1668 1130 1702 italiano
1168 1667 1275 1712 sappi
1297 1683 1343 1697 =
1368 1667 1571 1712 apprendz').
1610 1687 1656 1692 -—-

160 1719 232 1753 23.
259 1717 349 1751 Isis.-
375 1715 596 1750 nell'entrare
633 1716 667 1750 in
705 1715 817 1749 Roma>
847 1714 902 1749 dei
928 1715 1014 1750 culti
1041 1715 1212 1756 orientali,
1240 1725 1348 1749 venne
1373 1714 1481 1748 molto
1512 1714 1547 1748 in
1573 1713 1655 1748 fiore

159 1763 185 1797 il
211 1763 304 1797 culto
329 1763 364 1797 di
389 1762 491 1805 Iside,
525 1774 542 1797 e
572 1763 605 1796 vi
643 1773 745 1797 erano
784 1762 912 1807 perfino
950 1763 1043 1797 nella
1080 1762 1166 1797 cittii
1198 1762 1354 1806 parecchi
1390 1761 1514 1806 templi
1541 1760 1602 1795 che
1627 1761 1654 1795 il

160 1810 287 1845 Senato
309 1810 472 1845 comando
497 1810 553 1855 poi
578 1810 613 1844 di
639 1809 830 1850 abbatteoe,
856 1821 887 1844 v.
915 1809 1014 1844 Dion.
1044 1809 1152 1852 Cass,
1177 1809 1250 1850 XL,
1270 1809 1325 1843 47.
1353 1808 1441 1843 Essa
1467 1820 1524 1843 cra
1558 1819 1654 1843 vene-

159 1859 238 1892 rata
264 1868 356 1892 corne
381 1857 504 1891 sorella
530 1857 564 1891 di
596 1856 741 1900 Osiride,
768 1868 785 1891 e
810 1856 873 1891 dea
905 1856 959 1891 dei
992 1857 1097 1891 frutti
1122 1868 1139 1891 e
1165 1856 1257 1891 della
1292 1856 1528 1896 coltivazione,
1556 1856 1655 1890 corri-

159 1904 348 1950 spondente
373 1906 466 1938 sotto
491 1906 612 1949 questo
638 1907 774 1949 aspetto
799 1904 871 1938 alla
899 1904 1064 1939 Demeter
1089 1904 1144 1938 dei
1171 1903 1281 1939 Greci.
1309 1903 1380 1938 Era
1405 1903 1650 1949 specialmente

157 1954 300 1986 onorata
324 1952 416 1987 dalle
441 1951 552 1986 donne
578 1963 595 1986 e
619 1952 712 1986 dalle
744 1963 841 1996 spose
874 1962 967 1986 come
1007 1951 1069 1986 dea
1094 1951 1149 1986 del
1182 1951 1423 1992 matrimonio;
1450 1950 1509 1985 cfr.
1537 1950 1653 1995 Prop.,

158 1999 225 2041 ΙΙΙ,
251 1999 313 2038 33;
342 1998 455 2040 Ovid.,
485 1999 608 2041 Trz‘st„
634 1999 680 2041 II,
709 1999 776 2034 297
794 2010 859 2033 ecc.
885 2010 902 2033 e
929 2010 958 2032 v.
985 1998 1162 2040 Preller,
1190 1999 1292 2033 Rom.
1312 1998 1448 2044 Myth„
1467 2009 1500 2043 p.
1521 1997 1589 2032 723
1610 2009 1654 2032 SS.

157 2047 246 2081 Pare
271 2047 332 2080 che
357 2046 442 2080 fosse
469 2049 630 2081 venerata
658 2046 766 2081 anche
792 2057 885 2081 come
918 2046 984 2080 dea
1017 2046 1195 2087 salutaris,
1223 2056 1240 2080 e
1266 2045 1327 2080 che
1353 2057 1374 2080 a
1398 2045 1443 2079 lei
1475 2045 1597 2090 quindi
1625 2045 1655 2079 si

157 2094 321 2128 facessero
347 2093 419 2127 voti
444 2104 504 2138 per
530 2093 564 2127 la
589 2093 793 2128 incolumita
822 2093 958 2138 propria
983 2104 1001 2126 o
1028 2093 1082 2127 dei
1107 2093 1237 2138 proprii
1263 2092 1353 2134 cari;
1380 2092 1420 2127 ed
1438 2094 1455 2126 e
1477 2091 1655 2137 probabile

157 2141 219 2176 che
244 2141 315 2175 alla
339 2141 410 2175 Isis
441 2140 615 2176 salutaris
647 2141 674 2175 si
701 2141 854 2175 riferisca
888 2140 914 2174 il
940 2151 1037 2185 passo
1062 2140 1097 2175 di
1125 2140 1278 2175 Tibullo.
1304 2160 1350 2165 —
1446 2142 1518 2177 24.
1547 2150 1654 2174 aera.-

157 2199 238 2222 sono
264 2188 409 2223 indicati
435 2199 495 2222 con
529 2190 651 2232 questa
684 2188 802 2232 parola
827 2188 838 2222 i
865 2187 1000 2232 sonagli
1032 2187 1212 2229 metallici,
1243 2188 1373 2230 sistra,
1398 2198 1415 2221 e
1440 2186 1469 2220 si
1495 2187 1653 2231 arguisce

157 2235 201 2270 da
227 2237 323 2269 tutto
347 2235 374 2269 il
399 2235 502 2279 luogo
528 2235 588 2269 che
614 2235 682 2269 alle
707 2235 889 2270 cerimonie
914 2234 949 2269 di
975 2234 1065 2269 Iside
1082 2235 1111 2269 si
1129 2234 1295 2269 accedeva
1319 2233 1489 2268 battendo
1509 2234 1540 2268 le
1558 2234 1654 2268 mani

156 2283 210 2316 sui
235 2282 341 2317 sistri.
379 2281 536 2327 Apuleio,
573 2282 794 2325 Metamorfi:
842 2282 978 2316 «aereis
1007 2283 1043 2316 et
1068 2282 1255 2326 argenteis,
1296 2281 1402 2315 immo
1437 2292 1517 2316 vero
1542 2281 1655 2315 aureis

156 2329 262 2363 etiam
299 2329 412 2364 sistris
449 2330 615 2374 argutum
641 2330 811 2364 tinnitum
849 2331 1142 2374 constrepetentes
1168 2343 1201 2363 v.
1234 2349 1279 2354 ——
1305 2329 1405 2363 Aera
1439 2328 1583 2372 repulsa
1607 2344 1655 2358 ει

154 2377 262 2412 sistra
286 2387 456 2411 concussa
470 2397 515 2401 —
533 2376 694 2421 repulsa:
720 2378 742 2411 i.
761 2389 788 2412 e.
815 2377 944 2411 iterum
961 2381 1066 2421 atque
1091 2377 1219 2411 iterum
1238 2376 1347 2420 pulsa
1373 2376 1588 2421 (concussa).
1608 2395 1653 2400 —

155 2427 306 2462 25-26.
333 2424 368 2458 in
396 2424 509 2468 questi
535 2423 600 2458 due
626 2424 715 2458 versi
741 2424 769 2458 si
795 2424 910 2458 allude
936 2425 969 2458 ai
995 2424 1060 2458 due
1087 2424 1148 2458 riti
1174 2424 1265 2458 della
1293 2423 1422 2458 lavatio
1439 2434 1457 2458 0
1476 2423 1531 2457 del
1559 2434 1652 2457 seeu-

157 2471 260 2512 bt'tus‚
286 2471 347 2506 che
373 2471 602 2506 costituivano
627 2471 678 2506 cio
703 2471 764 2506 che
789 2472 817 2505 si
843 2471 961 2506 diceva
998 2471 1067 2505 «111
1093 2473 1212 2505 casto
1237 2481 1373 2505 esse».
1409 2470 1457 2505 Le
1483 2470 1594 2505 donne
1620 2470 1651 2504 si

155 2519 323 2553 lavavano
348 2529 365 2552 e
390 2529 450 2562 per
475 2518 561 2552 dieci
587 2519 679 2552 notti
709 2518 883 2553 dovevano
915 2518 1126 2553 conservarsi
1160 2529 1261 2562 pure3
1289 2517 1348 2552 cfr.
1375 2517 1572 2562 Properzio,
1599 2517 1649 2558 II,

156 2565 213 2608 33,
233 2567 261 2607 1,
280 2577 325 2600 s.:
352 2581 367 2597 <4
382 2565 511 2600 Tristia
534 2566 605 2599 iam
624 2566 769 2600 redeunt
787 2566 914 2600 iterum
932 2566 1112 2600 sollemnia
1129 2565 1238 2608 nobis,
1261 2567 1265 2609 Ι
1288 2564 1443 2610 Cynthia
1461 2565 1529 2599 iam
1550 2566 1650 2599 nocte

155 2615 208 2647 est
231 2614 371 2658 operata
396 2613 539 2647 decem»
584 2612 642 2647 dai
679 2613 775 2657 quali
813 2614 900 2648 versi
932 2613 960 2647 si
999 2613 1126 2648 deduce
1163 2613 1225 2647 che
1251 2612 1278 2646 il
1301 2612 1479 2648 secubitus
1517 2611 1650 2646 durava

159 2659 201 2694 10
225 2660 348 2705 giorni,
374 2671 391 2694 e
416 2660 478 2694 che
504 2661 537 2695 ai
561 2659 627 2694 due
665 2660 724 2694 riti
750 2659 839 2695 della
865 2660 993 2696 lavatio
1018 2671 1035 2695 e
1062 2661 1118 2695 del
1149 2660 1328 2696 secubitus
1360 2660 1590 2695 succedevano
1619 2660 1650 2693 le

223 2741 358 2773 Truunno,
381 2741 467 2776 Eleyz'e
487 2741 577 2773 scelte,
600 2749 695 2768 comm.
717 2741 750 2766 da
770 2741 799 2767 C.
821 2741 938 2775 Pascis,
1559 2742 1574 2772 Ζ
