1883 3049
280 215 333 255 68
863 202 983 250 Anssro
1011 222 1181 250 rrnnnno

451 299 586 352 Atque
617 297 729 339 satur
757 296 842 339 libo
873 296 927 338 sit
957 295 1198 349 madeatque
1230 306 1353 346 merc,

396 363 563 405 Adnuat
592 362 645 414 et,
676 361 880 413 Cerinthe,
911 360 1002 412 tibi,
1034 359 1317 414 quodcumque
1347 358 1520 414 rogabis.

286 430 338 471 10
452 428 513 469 En
543 439 630 483 age,
663 426 763 480 quid
793 427 951 468 cessas?
982 424 1127 467 adnuit
1156 424 1250 466 ille:
1279 436 1388 479 roga.

396 494 598 548 Auguror,
628 491 763 534 uxoris
793 490 893 533 fidos
923 489 1082 544 optabis
1113 501 1286 531 amores:

453 559 542 600 Iam
572 553 659 599 reor
688 557 763 599 hoc
793 556 900 610 ipsos
930 554 1144 597 edidicisse
1174 553 1278 596 deos.

398 623 483 665 Nec
512 622 590 665 tibi
620 621 828 672 malueris,
858 622 992 663 totum
1023 631 1303 674 quaecumque
1334 630 1405 673 per
1434 618 1571 660 orbem

285 796 338 831 col
363 794 469 830 nardo
494 793 745 839 (pseudo—Tib„
772 793 838 836 ΙΙΙ,
864 793 897 835 6,
923 793 985 827 63:
1021 807 1035 823 <z
1055 791 1154 838 Syrio
1179 791 1391 827 madefactus
1417 792 1571 836 tempora
1597 789 1703 825 nardo
1721 789 1768 836 »).

287 844 329 877 111
354 843 381 883 Ι,
411 843 439 884 7,
468 842 524 885 51,
549 851 632 886 pure
658 840 713 875 del
739 839 867 875 Genio:
902 839 1034 874 «Illius
1052 850 1068 874 e
1094 838 1205 873 nitido
1231 839 1369 873 stillent
1394 841 1573 884 unguenta
1598 837 1769 883 capillo».

287 911 332 915 —
357 890 425 924 Dal
450 889 625 924 confronto
651 888 685 922 di
711 889 831 932 questo
857 898 952 921 verso
978 898 1037 921 ora
1062 886 1231 931 riportato
1257 897 1318 920 con
1343 886 1458 930 quello
1482 886 1542 920 6116
1559 885 1685 920 stiamo
1700 895 1771 919 esa-

288 936 460 978 minamlo,
479 936 508 970 si
521 936 595 970 noti
608 935 644 970 la
656 935 782 980 doppia
796 934 1007 969 costruzione
1019 944 1161 968 comune
1174 933 1281 968 anche
1295 932 1518 967 all'italiano:
1551 947 1565 964 <t
1579 932 1771 977 Unguenta

288 984 425 1019 stillent
450 995 467 1018 e
493 983 644 1028 capillo»
676 994 693 1017 e
726 981 954 1027 «Unguentis
979 981 1117 1015 stillent
1142 980 1304 1025 capilli».
1323 1000 1368 1004 —
1381 990 1497 1025 puro.-
1524 990 1542 1013 0
1567 981 1585 1014 ὲ
1611 979 1771 1024 semplice

289 1031 515 1076 epitheton
542 1041 695 1064 ornans
719 1030 765 1074 (v.
793 1040 812 1063 a
838 1028 883 1071 ΙΙ,
915 1030 943 1071 1,
970 1028 1040 1073 58),
1079 1040 1096 1062 o
1122 1027 1236 1062 indica
1265 1027 1369 1061 l'olio
1395 1027 1430 1062 di
1455 1026 1561 1062 nardo
1587 1026 1729 1072 limpido
1754 1037 1772 1060 e

288 1079 415 1120 chiam,
434 1089 492 1123 per
505 1077 735 1122 distinguerlo
749 1076 1026 1120 dall'nnyuento,
1047 1075 1107 1109 6116
1121 1086 1177 1109 era
1190 1086 1302 1109 crasso
1316 1086 1333 1108 e
1347 1074 1460 1109 denso.
1486 1094 1532 1099 —
1597 1076 1635 1111 8.
1656 1073 1773 1108 L'idea

289 1126 447 1171 generale
484 1135 635 1169 espressa
659 1124 716 1159 nel
742 1123 842 1158 verbo
867 1126 900 1157 e:
948 1138 961 1154 «
977 1122 1079 1157 abbia
1111 1133 1211 1157 onore
1236 1122 1272 1156 di
1297 1121 1388 1156 lauti
1412 1121 1594 1156 banchetti
1611 1135 1644 1155 ».
1669 1141 1716 1146 —
1740 1120 1773 1154 Il

291 1174 407 1214 libum,
435 1183 527 1207 come
553 1172 581 1205 si
606 1182 653 1212 sa,
680 1182 737 1206 era
762 1170 907 1205 focaccia
933 1170 1081 1204 formata
1113 1169 1149 1203 di
1174 1169 1297 1211 farina,
1323 1168 1390 1202 olio
1415 1180 1433 1203 e
1457 1168 1569 1203 mielc.
1594 1188 1640 1194 —
1666 1167 1775 1203 Grafi-

291 1222 446 1255 camente
471 1222 488 1254 6
513 1219 679 1254 descritta
705 1219 741 1252 in
767 1218 881 1263 questi
906 1217 994 1252 versi
1020 1217 1054 1251 la
1080 1217 1280 1251 cerimonia:
1310 1218 1443 1250 mentre
1459 1215 1600 1250 innanzi
1619 1215 1654 1249 al
1673 1215 1775 1250 simu-

291 1269 380 1303 lacro
407 1267 462 1302 del
487 1266 595 1301 Genio
621 1266 650 1300 si
675 1265 865 1301 accendono
890 1264 1018 1300 incensi
1045 1275 1061 1298 e
1086 1263 1234 1309 profumi
1259 1274 1276 1298 6
1301 1264 1330 1298 si
1359 1274 1515 1308 pongono
1540 1261 1699 1306 vivande,
1725 1261 1774 1306 gli

291 1316 319 1350 si
346 1315 474 1350 adorna
499 1314 525 1348 il
550 1324 632 1358 capo
661 1313 697 1347 di
722 1313 804 1347 serti
836 1323 854 1347 e
879 1312 912 1346 10
938 1312 966 1346 si
999 1322 1090 1356 unge
1116 1311 1151 1345 di
1176 1310 1283 1345 nardo
1308 1321 1326 1345 e
1351 1311 1387 1345 di
1413 1311 1496 1344 altri
1521 1309 1702 1355 unguenti.
1729 1329 1775 1334 —

292 1366 332 1399 9.
361 1361 543 1398 Oerinthe:
569 1360 697 1395 dubbia
723 1362 740 1394 e
765 1360 825 1405 qui
851 1360 884 1394 la
917 1359 1045 1393 lezione
1071 1361 1128 1393 tra
1164 1358 1321 1394 Cornute
1345 1369 1362 1392 e
1391 1357 1566 1393 Gerinthe.
1596 1357 1776 1392 Cornutus

292 1410 328 1444 fu
354 1419 516 1454 cognome
553 1407 642 1442 delle
679 1407 777 1452 genti
814 1406 968 1451 Sulpicia
993 1418 1010 1441 e
1036 1405 1174 1448 Cecilia,
1216 1405 1406 1441 Corinthus
1444 1404 1564 1450 (forme
1589 1404 1716 1439 viziate
1740 1402 1776 1437 di

291 1456 413 1491 codici:
458 1455 661 1497 ΟΙιενίνιιῑιε,
706 1455 918 1500 Cheryntns,
962 1453 1193 1496 Ohorz'nthus,
1234 1451 1434 1499 Cherimus)
1469 1454 1487 1486 e
1527 1462 1627 1486 nome
1667 1461 1776 1496 green,

296 1504 480 1547 Κήρινθος,
506 1502 691 1547 adoperato
720 1513 812 1536 come
842 1501 1111 1545 vezzeggiatin
1142 1511 1159 1535 e
1188 1500 1248 1535 che
1281 1500 1405 1535 ricorre
1439 1510 1552 1544 spesso
1579 1499 1616 1533 in
1639 1497 1778 1532 Tibullo

293 1561 310 1584 e
336 1550 391 1584 1161
417 1549 697 1594 pseudo-Tibullo
722 1549 782 1594 (II,
810 1548 841 1591 3,
871 1550 906 1590 1;
932 1549 993 1591 IV,
1020 1548 1050 1589 3,
1081 1548 1139 1588 113
1166 1547 1227 1590 IV,
1253 1547 1286 1590 4,
1314 1548 1375 1588 15;
1402 1547 1461 1588 IV,
1489 1547 1520 1588 5,
1543 1547 1581 1587 13
1606 1545 1667 1588 IV,
1686 1544 1776 1588 8‚2;

293 1597 353 1639 IV,
383 1597 436 1640 11,
465 1598 509 1642 1).
537 1618 581 1623 -
606 1597 864 1642 quodomnque:
897 1596 1092 1630 accusativo
1118 1594 1326 1639 dipendente
1352 1594 1402 1629 sia
1426 1594 1484 1628 dal
1509 1592 1611 1628 verbo
1635 1592 1780 1638 royabis

293 1644 354 1679 che
379 1644 437 1679 dal
462 1644 564 1679 verbo
601 1655 735 1679 annuo.
774 1643 921 1679 Giacche
947 1653 1070 1678 annuo
1101 1641 1230 1677 benche
1255 1642 1306 1676 sia
1331 1643 1388 1676 tra
1412 1640 1461 1686 gl'
1475 1640 1691 1675 intransitivi
1716 1639 1779 1674 che

294 1691 454 1736 vogliono
479 1692 505 1726 il
530 1691 648 1726 dativo
674 1692 849 1737 (Zumpt,
880 1691 922 1726 G.
949 1690 1006 1734 L„
1031 1692 1051 1735 ξ
1077 1690 1171 1734 415),
1198 1700 1282 1734 pure
1307 1699 1400 1723 come
1424 1688 1475 1733 gli
1501 1688 1584 1723 altri
1609 1687 1704 1722 verbi
1730 1686 1778 1720 iu-

294 1739 475 1774 transitivi
500 1742 566 1784 pub
591 1740 736 1773 ricevere
761 1749 821 1783 per
846 1739 990 1782 oggetto
1020 1748 1067 1771 un
1092 1739 1214 1771 neutro
1240 1736 1275 1770 di
1293 1746 1453 1781 pronome
1471 1746 1489 1769 0
1508 1734 1688 1780 aggettivo
1706 1745 1779 1778 pro-

294 1786 466 1821 nominale
504 1788 539 1820 in
578 1786 774 1821 accusativo
813 1784 991 1831 (Zumpt,
1036 1785 1056 1829 ἓ
1094 1784 1188 1829 385);
1222 1784 1286 1818 hoc
1321 1783 1387 1818 tibi
1418 1793 1549 1825 annuo,
1584 1792 1677 1817 come
1714 1781 1780 1816 hoc

294 1834 360 1868 tibi
390 1834 553 1869 assentio.
587 1834 623 1868 Si
655 1833 877 1868 riscontrino:
919 1831 1117 1877 «quidquid
1152 1830 1381 1866 subveneris»
1421 1829 1519 1873 (Cic.,
1546 1829 1629 1874 Ep„
1659 1827 1713 1870 10,
1732 1827 1779 1874 5),

303 1891 439 1915 «unum
473 1892 588 1915 ornnes
620 1881 793 1916 student»
831 1890 896 1914 ecc.
916 1900 960 1904 —
978 1879 1135 1923 royabis:
1172 1878 1308 1923 Guyeto
1341 1877 1382 1911 ed
1411 1877 1532 1922 Heyne
1557 1886 1780 1921 suppongono

293 1929 435 1972 roqarz's
459 1928 490 1973 (e
515 1929 550 1962 in
577 1928 629 1962 tal
655 1939 730 1963 caso
756 1927 896 1962 sarebbe
920 1925 1115 1971 preferibile
1141 1925 1299 1969 annuet),
1337 1924 1417 1959 sull’
1433 1924 1580 1969 esempio
1605 1923 1641 1958 di
1667 1921 1778 1964 Ovid„

295 1975 398 2018 Met„
423 1975 471 2018 Π,
499 1976 585 2011 102;
622 1991 636 2007 <z
651 1975 802 2017 dabitur,
823 1974 963 2019 Stygias
981 1973 1170 2008 iuravimus
1189 1972 1308 2013 undas,
1333 1972 1338 2017 Ι
1360 1971 1586 2017 quodcunque
1604 1970 1734 2016 optaris
1747 1983 1779 2003 ».

297 2042 342 2047 —-
437 2026 508 2060 10.
534 2034 617 2068 aye:
644 2034 735 2057 come
760 2024 778 2056 6
803 2024 896 2065 noto,
931 2023 948 2055 6
974 2031 1042 2055 una
1068 2020 1176 2055 forma
1210 2019 1347 2054 verbale
1382 2019 1568 2064 adoperata
1593 2029 1653 2063 per
1677 2017 1780 2052 inter-

297 2069 434 2104 iczione.
463 2070 688 2105 Trattandosi
713 2070 748 2104 di
774 2069 833 2114 piu
858 2079 998 2114 persone
1023 2069 1127 2113 ayite.
1153 2067 1211 2102 Ma
1237 2067 1265 2101 si
1289 2066 1364 2101 noti
1381 2066 1443 2101 che
1459 2077 1572 2111 spesso
1590 2065 1619 2099 si
1636 2064 1781 2109 adopera

297 2128 362 2160 aye
387 2117 494 2151 anche
518 2128 576 2162 per
601 2118 661 2162 piu
686 2127 843 2162 persone:
871 2128 902 2161 p.
929 2127 994 2159 es.,
1019 2117 1107 2160 aye!
1136 2115 1363 2150 considerate.
1380 2134 1426 2139 -
1443 2113 1594 2148 annuit:
1628 2112 1658 2147 si
1681 2113 1782 2146 trova

298 2165 422 2198 alcuna
448 2164 543 2199 volta
568 2164 594 2199 il
619 2167 776 2209 presente
801 2163 986 2209 adoperato
1011 2163 1126 2197 invece
1144 2162 1199 2196 del
1221 2162 1340 2196 futuro
1360 2172 1378 2195 0
1395 2160 1451 2196 del
1468 2160 1583 2195 futuro
1601 2158 1780 2194 anteriore.

298 2211 382 2255 Cic„
402 2222 470 2255 pro
494 2212 587 2247 Rab.
614 2213 727 2255 Post„
755 2213 792 2246 7:
837 2211 1056 2255 «rapientur,
1090 2209 1158 2244 nisi
1189 2209 1364 2250 cavetis»;
1398 2209 1439 2243 de
1466 2208 1527 2253 leq.
1553 2218 1642 2253 ayn,
1668 2206 1701 2249 2,
1719 2205 1781 2241 28:

306 2259 362 2293 «si
387 2258 439 2293 ita
464 2259 678 2294 commodum
704 2261 858 2295 vestrum
884 2258 961 2300 fert,
987 2257 1201 2292 connivebo»
1233 2267 1298 2292 ecc.
1325 2257 1365 2290 V.
1393 2256 1554 2301 Zumpt,
1581 2256 1601 2299 ξ
1627 2253 1707 2289 510.
1736 2272 1783 2279 -

300 2309 364 2342 11.
391 2307 535 2341 umoris.-
561 2318 579 2340 ο
605 2306 725 2341 futura
751 2306 885 2351 moglie,
912 2316 1005 2340 come
1029 2305 1065 2339 in
1091 2305 1177 2344 En,
1204 2304 1251 2344 ΙΙ,
1279 2303 1359 2346 344,
1380 2313 1500 2348 ρεπεν,
1524 2313 1542 2337 6
1566 2301 1603 2336 111
1620 2299 1782 2342 Pindaro,

305 2353 442 2398 Olimp„
469 2354 549 2395 VII,
574 2354 607 2396 4,
633 2354 809 2398 γαμβρόςς
837 2364 865 2394 ο,
893 2351 1033 2387 secondo
1063 2352 1089 2386 il
1114 2352 1210 2393 Voss,
1235 2351 1270 2385 la
1294 2351 1421 2395 moglie
1440 2350 1501 2385 che
1518 2349 1577 2394 gia
1592 2349 1640 2383 ha
1663 2348 1704 2394 (il
1721 2347 1783 2382 che

301 2400 441 2434 sarebbe
466 2403 620 2445 provato,
647 2400 788 2435 secondo
814 2400 840 2434 il
866 2400 962 2443 Voss,
987 2399 1045 2433 dal
1070 2409 1165 2433 verso
1191 2399 1224 2441 2,
1248 2398 1284 2432 in
1310 2398 1365 2432 cui
1389 2398 1419 2432 si
1434 2397 1592 2432 invitano
1609 2395 1680 2431 alla
1694 2394 1784 2430 festa

300 2448 431 2481 nomini
456 2459 473 2482 6
498 2448 619 2489 donne,
645 2458 662 2482 e
688 2447 746 2481 dal
772 2459 802 2482 v.
822 2446 877 2490 21,
900 2447 936 2481 in
954 2446 1009 2481 cui
1026 2446 1054 2480 si
1072 2456 1205 2491 augura
1223 2446 1321 2490 larga
1339 2445 1457 2490 prole).
1474 2464 1520 2471 —-
1535 2443 1644 2487 fidos:
1662 2443 1784 2487 questo

302 2494 482 2539 aggettivo
507 2496 524 2528 e
549 2495 717 2529 sinonimo
743 2494 778 2528 di
802 2494 926 2537 fidelis,
952 2494 979 2528 il
1004 2494 1116 2538 quale,
1143 2504 1234 2528 come
1251 2495 1269 2526 e
1286 2494 1378 2533 noto,
1410 2492 1456 2526 ha
1473 2501 1604 2536 sempre
1620 2490 1656 2524 in
1673 2489 1784 2524 latino

301 2542 497 2586 significato
522 2543 660 2583 morale,
687 2542 715 2575 si
741 2541 813 2576 dice
838 2541 908 2575 6106
933 2540 967 2575 di
992 2552 1134 2586 persona
1160 2540 1220 2575 che
1247 2539 1344 2575 serba
1368 2540 1403 2574 la
1427 2538 1512 2574 data
1528 2537 1602 2572 fede
1619 2549 1637 2571 ο
1655 2536 1690 2571 di
1707 2546 1785 2571 cosa

303 2600 323 2623 a
350 2589 399 2623 lui
425 2590 683 2634 appartenente.
711 2588 791 2624 Cosi
822 2588 935 2631 fidelis
967 2600 985 2621 0
1009 2588 1105 2631 fidus
1130 2588 1282 2629 animus,
1315 2598 1373 2621 ma
1397 2597 1465 2620 non
1483 2585 1553 2620 mai
1568 2583 1683 2628 fidelis
1711 2583 1784 2618 imi-

302 2637 389 2671 tatio
413 2636 520 2680 (come
545 2636 717 2671 l'italiano
741 2636 943 2671 imitaeione
966 2635 1075 2677 fedele
1093 2635 1149 2670 nel
1166 2646 1262 2670 senso
1279 2634 1315 2669 di
1330 2636 1510 2674 accurata,
1531 2631 1722 2677 dilzycnte).
1739 2648 1787 2656 ——

303 2686 370 2721 12.
397 2683 466 2718 Hai
489 2683 549 2729 gia
573 2684 660 2719 forse
686 2685 785 2718 tante
809 2683 903 2719 volte
931 2683 1021 2717 fatto
1046 2684 1167 2728 questo
1200 2683 1280 2718 voto
1305 2682 1378 2727 agli
1403 2680 1468 2724 dei,
1493 2679 1553 2715 che
1578 2679 1642 2714 essi
1668 2678 1728 2723 gia
1751 2677 1785 2712 10

304 2742 487 2767 conoscono
511 2742 529 2766 e
553 2731 587 2766 lo
612 2731 799 2767 ricordano.
827 2752 871 2757 —
967 2733 1036 2768 13.
1057 2730 1245 2766 malueris.-
1271 2729 1296 2764 il
1313 2727 1461 2774 perfetto
1477 2726 1701 2772 congiuntivo
1718 2726 1784 2770 puo
